3106 4988
722 348 933 411 ..10-

256 521 331 595 ltu
355 529 510 601 praeterea
530 521 610 600 quod
633 521 714 601 apud
737 520 914 602 Euripidem
925 521 1079 602 Dionysus
1102 541 1133 581 se
1153 520 1304 580 hominem
1319 541 1412 600 quieu-

255 631 327 692 dam
347 630 384 691 de
406 629 508 709 Lydia
528 638 616 708 gente
638 638 736 690 ortum
759 650 822 691 esse
845 630 982 703 simulat,
1010 628 1120 691 Ovidio
1151 648 1256 689 ansam
1286 627 1412 707 praebet

257 739 296 800 ad
317 737 521 798 narrationem
549 738 586 798 de
607 737 770 818 Tyrrhenis
792 738 894 799 nautis
920 738 953 797 in
983 745 1118 798 monstra
1141 737 1260 798 marina
1285 736 1411 797 mutatis

255 846 454 907 inserendam.
499 845 559 908 sed
588 845 646 907 hae
674 845 885 908 similitudines
916 867 1099 927 quamquam
1127 866 1188 906 non
1217 866 1255 906 ex
1282 845 1411 926 epitome

254 955 385 1036 quadam
408 953 580 1034 tragoediae
599 954 677 1015 forte
699 953 845 1029 adhibita,
868 956 979 1036 optime
994 963 1096 1016 tamen
1109 974 1147 1015 ex
1163 953 1307 1015 memoria
1320 962 1411 1016 natae

251 1083 316 1122 esse
338 1067 473 1141 possunt,
494 1081 562 1121 cum
584 1081 645 1120 non
668 1061 729 1121 sint
756 1061 915 1123 maximae.
960 1062 1065 1141 Ipsam
1091 1059 1278 1140 tragoediam
1301 1059 1410 1123 Ovidio

252 1191 321 1232 cum
342 1169 417 1230 haec
440 1168 582 1229 scriberet
603 1188 663 1228 non
683 1177 804 1248 praesto
826 1169 922 1231 fuisse
942 1178 1024 1249 puto,
1047 1168 1120 1249 quia
1133 1168 1165 1228 in
1181 1167 1273 1247 longa
1283 1168 1409 1229 Penthei

252 1277 472 1340 orationeetin
495 1277 601 1337 mortis
621 1277 823 1357 descriptione
846 1277 975 1339 clariora
997 1277 1211 1355 tum=vestigia
1228 1275 1410 1356 Euripideae

253 1384 435 1446 narrationis
461 1384 525 1445 sine
547 1383 639 1444 dubio
660 1393 849 1465 apparerent,
878 1395 908 1446 et
935 1386 1007 1465 quia
1034 1385 1055 1445 ii
1082 1383 1186 1446 Ovidii
1215 1404 1331 1458 versus,
1359 1385 1408 1464 qui

250 1494 415 1554 maximam
436 1491 664 1558 similitudinem
686 1513 753 1553 cum
769 1493 940 1573 Euripideis
963 1492 1085 1566 habent,
1109 1491 1171 1554 699
1194 1500 1224 1553 et
1247 1489 1317 1565 700,
1340 1513 1407 1566 non,

250 1609 286 1661 ut
305 1600 346 1674 hi,
368 1600 405 1660 de
428 1599 556 1660 Bacchis
579 1600 716 1679 captivis
741 1601 792 1660 sed
815 1600 852 1660 de
873 1601 938 1680 ipso
961 1601 1098 1681 Dionyso
1121 1600 1195 1661 dicti
1219 1609 1299 1662 sunt.
1324 1601 1405 1661 Idem

250 1709 282 1767 in
306 1707 394 1768 Accii
416 1707 603 1786 tragoediam
632 1706 714 1768 eadit
735 1708 912 1787 Euripidem
939 1708 1098 1781 imitantis,
1126 1709 1211 1788 cujus
1241 1708 1403 1800 fragmenta

251 1814 401 1894 (Ribbeck
423 1836 452 1894 p.
472 1812 554 1891 569),
577 1835 638 1875 non
659 1814 728 1895 plus
752 1815 957 1876 similitudinis
980 1816 1135 1896 praebent.
1180 1815 1339 1896 Aeschyli,
1356 1815 1406 1878 Jo-

251 1924 390 2004 phontis‚
413 1921 639 2003 Lycophronis,
659 1921 844 1984 Heraclidae
865 1922 983 1985 Pontici
1004 1923 1174 2003 tragoedias
1197 1924 1228 1983 in
1250 1944 1338 1984 usum
1360 1943 1409 1984 vo·

253 2041 337 2093 catas
365 2051 513 2092 essenon
543 2030 607 2093 veri
633 2029 730 2091 simile
759 2039 817 2105 est,
850 2031 923 2111 quia
944 2032 976 2091 in
997 2031 1071 2111 ipsis
1091 2030 1180 2091 rebus
1199 2051 1349 2110 nusquam
1372 2029 1411 2090 ab

252 2139 399 2220 Euripide
420 2138 547 2199 discedit
566 2137 703 2201 Ovidius.
747 2139 797 2199 De
814 2140 948 2202 Pacuvio
965 2139 1081 2218 egregie
1093 2138 1213 2199 fallitur
1223 2137 1412 2201 Ribbeckius

252 2246 292 2327 (p.
311 2244 386 2328 280)
406 2244 551 2308 Ovidium
573 2246 638 2325 ejus
663 2225 849 2325 tragoediam
875 2253 940 2306 arte
969 2229 1104 2306 secutum
1133 2265 1198 2307 esse
1226 2244 1413 2306 existimans.

252 2354 335 2415 Nam
361 2363 522 2434 postquam
546 2352 689 2415 aServio
713 2349 772 2432 (ad
793 2353 881 2433 Virg.
903 2353 981 2415 Aen.
1004 2354 1061 2428 IV,
1092 2353 1171 2431 469)
1200 2351 1324 2415 Pacuvii
1352 2361 1412 2412 tra-

252 2463 376 2544 goediae
398 2462 511 2523 mentio
530 2461 615 2522 facta
636 2469 689 2535 est,
711 2461 750 2522 ab
773 2462 833 2521 alio
856 2463 987 2542 quodam
1009 2463 1135 2523 Penthei
1155 2461 1262 2523 fabula
1284 2481 1323 2521 ex
1345 2460 1413 2540 ipso

253 2571 363 2634 Ouidio
385 2569 491 2631 addita
512 2578 565 2642 est,
588 2569 619 2629 id
641 2569 721 2649 quod
741 2568 943 2631 Ribbeckium
965 2570 1053 2650 fugit.

354 2679 403 2739 De
425 2676 601 2739 Peliadibus
627 2677 771 2739 Ovidium
795 2677 880 2756 (VII,
906 2676 1098 2755 tae-349)
1115 2675 1275 2756 Sophoclis
1298 2683 1414 2755 tragoe-

254 2786 344 2860 diam,
368 2785 416 2846 cui
429 2773 609 2863 Ῥιζοτόμοι
632 2784 809 2864 inscriptum
827 2786 894 2860 fuit,
917 2785 1092 2848 adhibuisse
1107 2793 1137 2846 et
1151 2761 1307 2864 imprimis,
1327 2803 1414 2844 accu-

253 2903 352 2956 ratam
375 2903 405 2955 et
424 2892 583 2973 pulchram
607 2892 845 2973 descriptionem,
869 2915 946 2974 quae
968 2893 1104 2955 versibus
1129 2891 1313 2954 179-284
1345 2911 1414 2952 con·

255 3003 375 3076 tinctur,
399 3022 436 3062 ex
459 3022 496 3062 ea
524 3008 696 3062 mutuatum
727 3022 792 3062 esse
813 3001 992 3064 Welokerus
1022 3002 1057 3082 (Ι,
1080 3023 1110 3082 p.
1134 3000 1208 3079 342)
1231 3009 1330 3080 putat,
1360 2999 1414 3060 sed

256 3111 341 3171 nullo
360 3111 445 3190 jure,
476 3117 511 3171 ut
537 3108 611 3168 mihi
634 3108 761 3170 videtur.
806 3110 888 3170 Nam
922 3132 1013 3191 quam
1039 3109 1183 3190 vulgatae
1213 3116 1244 3170 et
1274 3108 1429 3169 excultae.

152 3296 154 3302 Α
255 3219 316 3280 illis
339 3218 525 3298 temporibus
547 3226 626 3278 artes
647 3219 783 3298 magicae
809 3218 925 3280 Romae
951 3219 1083 3292 fuerint,
1111 3215 1231 3278 abunde
1260 3216 1358 3278 elucet
1376 3236 1414 3276 ex

256 3327 313 3390 Ov.
347 3325 417 3387 Am.
449 3325 491 3398 II,
524 3325 560 3397 1;
589 3325 656 3387 Tib.
687 3327 712 3400 I,
745 3325 777 3400 23
811 3327 900 3407 Prcp.
926 3328 983 3400 IV,
1007 3326 1042 3399 5;
1069 3325 1156 3404 Virg.
1184 3324 1250 3386 Ecl.
1275 3324 1307 3394 8;
1337 3323 1407 3384 Hor

165 3409 171 3418 ¹
254 3430 411 3516 EpodJ53
435 3433 498 3495 Sat.
521 3433 546 3506 Ι,
571 3431 599 3494 8.
642 3434 796 3496 Universa
815 3444 913 3496 autem
932 3434 1066 3494 narratio
1086 3432 1186 3513 potius
1203 3454 1241 3494 ex
1260 3429 1407 3512 Euripide

187 3551 192 3560 '
255 3563 347 3624 quam
370 3563 407 3602 ex
433 3539 581 3620 Sophocle
601 3541 724 3602 fluxisse
748 3541 877 3603 videtur.
921 3541 1016 3622 Apud
1040 3542 1122 3603 hunc
1147 3542 1226 3602 enim
1252 3539 1407 3620 tragoedia

256 3651 363 3732 incipit
384 3649 510 3711 consilio
537 3647 637 3729 ¹patris
666 3650 845 3731 recoquendi
867 3651 933 3731 jam
963 3658 1069 3730 pacto,
1095 3649 1198 3711 finitur
1229 3649 1293 3710 sine
1324 3647 1415 3708 dubio

257 3761 340 3841 regia
360 3759 463 3820 Peliae
490 3758 529 3818 ab
552 3755 668 3820 Jasone
691 3759 721 3820 vi
745 3767 847 3839 capta,
876 3781 954 3839 quae
980 3779 1026 3820 res
1051 3759 1091 3820 ab
1113 3758 1240 3838 Hygino
1266 3753 1342 3836 (fab.
1364 3754 1417 3831 24)

258 3878 288 3930 et
310 3867 445 3929 Diodoro
468 3862 538 3948 (IV,
557 3861 614 3948 52)
623 3876 772 3942 narratur,
798 3867 836 3928 ab
854 3868 1000 3948 Euripide
1015 3877 1116 3928 autem
1138 3864 1243 3926 eadem
1255 3871 1417 3925 narrantur

258 3985 348 4058 atque
360 3976 400 4037 ab
412 3974 532 4048 Ouidio,
557 3983 591 4035 ut
612 3995 649 4036 ex
670 3985 847 4056 argumento
861 3976 955 4056 partis
969 3975 1094 4036 fabulae
1109 3995 1127 4034 a
1141 3973 1228 4035 Mose
1242 3972 1415 4034 Chorenaeo

258 4093 377 4148 servato
399 4092 429 4144 et
455 4104 493 4144 ex
515 4082 693 4163 fraginantis
720 4093 812 4164 patet.
858 4085 962 4146 Etiam
989 4084 1021 4143 in
1048 4082 1174 4162 singulis
1205 4081 1417 4143 similitudines

259 4201 415 4274 apparent.
460 4191 557 4272 Apud
578 4191 723 4254 Ovidium
745 4203 775 4254 et
800 4193 987 4255 Pausaniam
1010 4181 1202 4274 (V111,11‚2)
1225 4189 1327 4250 odium
1349 4211 1417 4250 cum

259 4303 385 4383 conjuge
413 4299 524 4361 Medea
556 4299 689 4360 simulat.
732 4301 848 4363 Eodem
880 4309 980 4362 autem
1012 4309 1147 4386 spectare
1178 4298 1299 4360 videtur
1329 4298 1418 4360 Euri-

257 4408 338 4493 pidis
359 4407 562 4491 fragmentum
580 4405 655 4471 611:
