3106 4988
619 338 829 398 ...27-

252 507 465 570 Narrationem
499 509 536 569 de
571 507 656 570 Echo
682 511 825 590 juvenem
860 511 990 590 aliquem
1025 517 1145 571 amante
1181 517 1212 570 et
1240 529 1308 568 cum

151 621 251 694 spreta
279 624 358 678 esset
384 617 551 678 in'saxum
578 595 758 700 vocemque*
776 627 940 702 extenuata
970 627 1023 680 aut
1052 617 1105 679 ab¹
1122 615 1233 680 Ovidio
1264 615 1308 676 in·

151 732 272 784 ventam
296 733 350 786 aut
375 723 414 786 ab
441 745 475 786 eo
503 725 600 805 primo
630 747 699 787 cum
719 727 856 788 Narcissi
886 726 994 788 fabula
1024 726 1216 806 conjunctam
1244 743 1309 785 esse

152 831 310 911 Hauptius
340 831 391 909 (ad
419 832 492 894 Met.
522 831 582 908 III,
615 833 690 908 339)
714 835 842 915 judicat.
887 834 985 915 Atqui
1011 833 1140 896 Ovidius
1169 832 1308 914 quamvis

151 938 244 1002 libere
265 939 297 1000 in
311 939 537 1002 narrationibus
549 940 705 1004 variandis
720 951 751 1003 et
764 963 831 1004 cum
843 942 948 1004 alienis
964 940 1125 1003 miscendis
1136 961 1167 1002 se
1176 940 1308 1020 gesserit,

150 1037 301 1128 nusquam
327 1057 429 1110 tamen
458 1050 497 1111 de
530 1071 660 1130 persona
691 1051 795 1131 aliqua
827 1073 906 1134 quae
941 1071 979 1112 ex
1012 1049 1140 1112 historia
1176 1047 1310 1110 fabulari

150 1164 225 1216 nota
246 1164 326 1230 erat,
356 1177 478 1237 prorsus
507 1179 588 1221 nova
615 1165 645 1220 et
673 1158 811 1220 inaudita
841 1159 873 1220 in
901 1159 1034 1220 medium
1064 1156 1198 1237 protulit.
1250 1154 1310 1218 Sed

151 1263 222 1326 licet
242 1263 353 1339 fecerit,
367 1266 539 1346 aliquando,
562 1275 640 1328 certe
655 1275 719 1328 tum
734 1267 765 1327 id
780 1267 970 1346 potissimum
988 1265 1056 1346 egit,
1079 1273 1114 1328 ut
1134 1262 1309 1324 fabularum

150 1392 297 1447 conexum
319 1392 411 1452 quam
435 1359 838 1454 optimumnaneisceretur.
882 1374 959 1436 Cum
990 1381 1091 1436 autern
1118 1391 1222 1435 versus
1246 1367 1309 1432 402

150 1499 194 1559 sq.
218 1499 262 1559 sq.
285 1481 448 1542 transitum
470 1482 544 1543 satis
569 1482 672 1543 rudem
695 1490 725 1544 et
745 1481 856 1545 Ouidio
881 1501 978 1563 paene
1007 1480 1162 1542 insolitum
1184 1479 1308 1551 faciant,

150 1587 339 1649 narrationes
362 1589 399 1649 de
413 1588 558 1650 Narcisso
582 1598 611 1650 et
634 1590 672 1650 de
693 1590 779 1650 Echo
805 1599 875 1651 ante
891 1589 1036 1652 Ovidium
1058 1609 1120 1650 non
1142 1585 1310 1668 cohaesisse

140 1693 345 1776 nullomodo
368 1696 440 1758 licet
462 1705 600 1760 statuere.
645 1697 754 1777 Neque
781 1698 812 1758 id
838 1696 998 1778 probabile
1019 1705 1077 1771 est,
1104 1694 1243 1756 fabulam
1272 1693 1310 1753 de

152 1801 239 1863 Echo
253 1803 432 1865 Narcissum
454 1815 575 1867 amante
585 1806 698 1876 alicubi
717 1805 862 1868 traditam
884 1805 922 1866 ab
934 1804 1044 1867 ovidio
1057 1823 1125 1866 cum
1138 1801 1311 1864 narratione
1354 1870 1360 1881 ‚

153 1909 190 1969 de
211 1919 306 1972 morte
323 1912 460 1974 Narcissi
483 1914 674 1993 conjunctam
698 1934 771 1988 esse,
795 1912 906 1974 additis
928 1913 1018 1974 etiam
1043 1911 1082 1972 ad
1103 1911 1183 1971 hanc
1205 1907 1309 1970 Echus

153 2016 291 2095 querelis
335 2017 443 2100 Neque
465 2019 544 2080 enirn
566 2039 698 2099 usquam
708 2019 846 2082 Narcissi
864 2019 975 2080 mentio
998 2027 1043 2080 est
1064 2017 1123 2078 nisi
1145 2015 1309 2078 morientis.

151 2124 261 2186 Restat
282 2134 317 2187 ut
338 2127 441 2189 Ovidii
463 2127 666 2198 narrationem
692 2128 840 2208 integram
863 2148 901 2187 ex
923 2126 1026 2188 eodem
1051 2125 1135 2186 fonte
1157 2131 1309 2204 sumptam

152 2252 217 2296 esse
238 2241 416 2306 statuamus.
461 2235 574 2297 Varias
597 2245 675 2298 certe
695 2235 819 2316 fabulas
842 2235 880 2296 de
902 2255 995 2298 eausa
1016 2233 1117 2294 insani
1143 2232 1190 2293 sui
1213 2231 1321 2312 ipsius‘

152 2341 262 2402 amoris
286 2343 437 2404 exstitisse
458 2352 585 2424 apparet
596 2364 633 2404 ex
647 2343 737 2404 docta
754 2343 931 2405 collectione
945 2340 1096 2406 Welckeri
1111 2337 1198 2420 (Alte
1206 2338 1310 2400 Denk-

151 2447 246 2508 maier
256 2448 314 2527 IV,
323 2449 422 2529 p.164
431 2471 474 2530 sq.
487 2451 542 2531 sq.)
564 2451 637 2514 Jam
659 2460 690 2512 et
708 2451 801 2513 totius
819 2449 1027 2530 descriptionis
1047 2447 1182 2521 habitus,
1205 2467 1309 2529 quam·

152 2574 245 2634 quam
263 2575 325 2615 non
346 2576 447 2634 pauca
469 2555 624 2619 Ouidiana
642 2558 755 2632 insunt,
777 2567 840 2618 tam
865 2555 984 2619 subtilis
1007 2564 1038 2618 et
1058 2554 1178 2634 elegans
1201 2563 1255 2629 est,
1275 2563 1310 2616 ut

152 2660 244 2724 valde
266 2662 367 2742 sapiat
384 2671 504 2744 poetam
518 2659 762 2726 Alexandrinum
775 2686 872 2747 neque
888 2685 957 2726 eum
971 2664 1096 2737 malum,
1116 2671 1146 2724 et
1162 2663 1309 2724 transitus

152 2768 205 2830 ille
216 2769 318 2830 minus
334 2769 511 2832 artificiosus
521 2771 646 2834 Graecis
658 2772 764 2852 poetis,
782 2773 834 2853 qui
846 2774 878 2834 in
890 2773 938 2834 his
951 2772 1041 2834 rebus
1052 2772 1152 2833 minus
1166 2771 1310 2833 momenti

152 2885 182 2938 et
204 2877 278 2938 artis
301 2877 507 2954 collocabant,
530 2880 613 2941 haud
638 2859 804 2960 indignus‚'
826 2901 931 2943 verum
953 2879 1044 2941 etiam
1066 2878 1204 2959 proprius
1221 2877 1310 2958 quasi

151 2995 205 3047 est.
250 2987 305 3048 sin
326 2985 393 3068 quis
415 2987 543 3048 miratur
564 2988 649 3049 Echo
676 2988 708 3049 in
731 2975 840 3050 saxum
868 2997 1018 3050 mutatam
1049 3007 1180 3048 amorem
1207 2993 1309 3048 tamen

152 3095 312 3157 retinuisse
336 3104 367 3157 et
392 3105 529 3157 extrema
552 3097 691 3158 Narcissi
717 3098 813 3159 verba
842 3095 1062 3177 queribundam
1089 3092 1251 3176 repetiisse,
1282 3094 1308 3155 is

154 3201 303 3264 existimet
322 3202 521 3288 mutationem
543 3203 647 3264 Echus
671 3204 709 3265 ab
733 3204 845 3267 Ovidio
868 3203 990 3266 aliunde
1013 3201 1149 3264 additam
1171 3221 1245 3264 esse.

255 3311 306 3370 Ex
326 3311 385 3372 hac
406 3310 611 3391 disputatione
637 3311 767 3392 primum
793 3312 830 3374 de
857 3312 909 3374 via
937 3331 973 3373 ac
999 3310 1131 3384 ratione,
1157 3327 1249 3390 quam
1276 3309 1308 3370 in
1383 3315 1390 3326 '

154 3416 423 3482 fontibusGraecis'
446 3419 626 3482 adhibendis
640 3419 769 3482 Ovidius
793 3429 911 3482 secutus
935 3418 982 3493 sit,
1004 3417 1080 3480 haec
1102 3417 1165 3479 fere
1187 3411 1309 3498 cognos-

154 3523 258 3586 cimus.
302 3526 350 3586 De
370 3527 555 3606 gravissimis
582 3527 708 3590 fabulae
729 3528 897 3602 momentis,
928 3527 965 3589 de
990 3525 1134 3606 personis,
1162 3525 1199 3584 de
1225 3522 1307 3598 locis,

152 3652 309 3722 nunquam
331 3632 369 3694 ab
390 3633 442 3708 iis,
473 3655 552 3714 quae
572 3635 686 3696 tradita
702 3635 868 3708 invenerat,
890 3633 1028 3694 discessit
1040 3623 1099 3713 (cf.
1116 3630 1308 3705 0.,Mueller,

151 3739 370 3821 Prolegomena
392 3763 429 3803 zu
451 3742 534 3803 einer
553 3742 861 3805 wissenscheftlichen
873 3739 1070 3822 Mythologie,
1088 3759 1117 3819 p.
1129 3737 1190 3816 92),
1204 3760 1308 3801 verum

151 3847 183 3908 in
210 3847 258 3908 his
287 3849 377 3912 rebus
407 3849 568 3912 stabilibus
591 3850 624 3910 in
654 3871 743 3912 usum
775 3870 863 3911 suum
891 3847 1072 3916 ‚adhibendis
1100 3867 1219 3908 summa
1244 3867 1309 3909 ver·

152 3963 236 4017 satus
268 3966 297 4018 et
326 3957 467 4020 libertate
501 3967 531 4019 et
563 3966 634 4020 arte.
678 3958 739 4019 Res
769 3957 893 4018 minoris
926 3955 1070 4017 momenti
1101 3975 1169 4016 cum
1199 3955 1309 4016 einon

151 4064 315 4145 placerent,
338 4066 440 4127 omisit
450 4065 499 4128 vel
511 4065 687 4129 brevissime
699 4073 818 4127 tantum
835 4065 990 4138 indicavit,
1014 4063 1090 4126 alias
1110 4063 1197 4124 auxit
1219 4072 1309 4144 atque

152 4172 305 4248 dilatavit;
315 4193 512 4255 personarum
520 4163 667 4236 ¹naturam
682 4195 838 4255 moresque
851 4173 1013 4255 praecipue
1022 4191 1091 4234 cum
1102 4193 1139 4234 ex
1154 4171 1309 4252 tragoedia

151 4281 313 4344 hauriebat
342 4281 494 4346 liberrime
527 4283 670 4355 mutavit;
707 4303 744 4344 ex
774 4281 979 4362 compluribus
1020 4279 1192 4342 auctoribus
1229 4301 1308 4361 quae

151 4389 271 4473 ingenio
293 4411 349 4453 suo
372 4399 445 4474 apta
466 4412 530 4456 esse
545 4391 736 4468 videbantur,
758 4391 790 4454 in
805 4411 900 4454 unum
919 4389 1063 4452 conflavit
1076 4388 1310 4471 nequecuravit,
