3106 4988
635 346 846 408 „19-

159 527 281 598 sumpta
303 538 367 578 esse
389 525 472 596 puto.
518 517 705 580 Alterutrius
727 516 819 597 igitur
844 517 978 579 carmine
1001 517 1131 580 Ovidius
1154 537 1227 578 usus
1247 537 1319 592 esse,

158 625 320 686 inseruisse
342 632 441 685 autem
464 626 614 706 quaedam
637 647 675 687 ex
694 625 790 687 Bione
811 626 939 699 videtur,
962 635 997 686 ut
1019 626 1056 687 de
1070 626 1321 688 Hermesianacte

158 742 189 794 et
206 733 366 794 Theocrito
388 733 504 794 factum
526 733 667 807 vidimus,
691 733 876 796 fortassean
898 735 1051 796 memoria.
1081 735 1129 795 Ac
1152 735 1189 796 de
1198 735 1321 818 Eupho-

158 841 243 899 riona
259 839 379 919 quidem
401 849 436 901 ut
456 840 620 920 cogitemus
631 842 758 904 fabulae
770 844 807 904 de
819 844 916 925 Ajaoe
928 842 1040 904 mentio
1055 843 1180 905 suadere
1191 844 1319 918 videtur,

160 946 197 1008 de
219 947 374 1009 Nicandro
400 948 566 1010 similitudo
589 971 657 1011 cum
680 951 895 1013 Theriacorum
925 951 1108 1025 narratione,
1134 960 1165 1012 et
1183 951 1320 1032 Hyacin-

159 1053 290 1116 thiorum
314 1057 435 1130 mentio,
465 1078 543 1137 quae
566 1058 726 1137 aptissima
747 1059 839 1120 fuerit
860 1059 1026 1133 Nicandm,
1050 1041 1087 1119 de
1108 1078 1170 1138 qua
1191 1079 1223 1118 re
1245 1057 1320 1118 diiu-

158 1162 261 1224 dicare
274 1183 335 1224 non
352 1165 458 1226 ausim.
482 1165 625 1226 Fortasse
647 1167 790 1228 alteruter
802 1167 941 1229 fabulam
962 1168 1000 1228 de
1014 1166 1151 1246 Zephyro
1165 1165 1320 1246 Apollinis

159 1270 286 1346 aemulo,
310 1293 401 1352 quarn
422 1273 578 1334 Luciacus
601 1270 651 1356 (de
672 1276 740 1338 salt.
762 1275 815 1354 38)
835 1276 942 1356 tangit,
968 1274 1094 1336 addidit.

262 1379 395 1441 Omnino
427 1381 464 1442 (16
493 1382 700 1461 Euphorione,
734 1403 919 1464 quamquam
953 1382 1122 1462 compluria
1148 1381 1212 1442 eius
1242 1379 1321 1460 frag·

159 1482 263 1547 menta
285 1487 323 1548 de
345 1488 459 1549 fabulis
484 1510 571 1570 agere
593 1490 736 1552 videntur
757 1511 833 1570 quas
856 1490 984 1552 Ovidius
1007 1510 1126 1570 quoquo
1147 1496 1261 1562 narrat,
1283 1487 1321 1548 (16

160 1592 243 1653 Anio
270 1589 424 1672 (Mainake
447 1617 477 1674 p.
496 1595 556 1672 16),
580 1597 618 1656 de
641 1597 759 1658 aconito
782 1619 819 1658 cx
829 1597 951 1669 Cerberi
975 1598 1090 1678 spumis
1113 1607 1187 1672 orto,
1210 1596 1250 1676 (p.
1260 1595 1321 1674 64),

160 1701 198 1762 (16
216 1701 374 1761 Melicerta
396 1701 437 1780 (p.
462 1700 524 1780 80),
549 1703 587 1764 (1(
613 1704 774 1784 Iphigenia
805 1704 848 1784 (p.
869 1703 939 1781 103,
969 1705 1039 1780 117,
1069 1704 1150 1783 143),
1179 1705 1217 1766 de
1241 1705 1322 1766 Peri·

163 1805 300 1884 clymeno
323 1805 362 1885 (p.
386 1806 466 1885 113),
490 1809 527 1870 de
549 1810 649 1872 Niobe
671 1807 714 1892 (p.
740 1811 820 1888 146),
845 1813 918 1874 certi
939 1813 1012 1893 quid
1034 1821 1135 1874 tamen
1157 1812 1250 1873 statui
1273 1833 1322 1872 ne·

164 1911 237 1991 quit,
271 1934 337 1973 cum
369 1924 399 1976 et
429 1937 531 1978 omncs
561 1918 707 1999 reliquiae
738 1921 812 1982 illae
841 1921 1037 1984 brevissimae
1068 1929 1188 1983 tantum
1211 1922 1272 1982 sint
1293 1928 1324 1982 et

162 2021 329 2082 nonnullae
351 2022 451 2083 aliena
470 2024 509 2084 ab
531 2026 642 2089 Ouidio
664 2027 851 2107 perhibeant.

266 2129 373 2210 Neque
403 2152 475 2194 vero
505 2132 571 2194 ulla
592 2134 730 2197 Philotae
753 2136 882 2216 vestigia
912 2136 994 2212 apud
1021 2136 1166 2199 Ovidium
1193 2144 1322 2198 exstant.

162 2235 244 2296 Nam
271 2237 302 2297 in
328 2238 498 2319 fragmento
528 2242 591 2304 eius
623 2245 703 2323 quod
732 2246 770 2307 de
797 2245 993 2326 Hippomene
1020 2253 1051 2306 et
1080 2245 1231 2306 Atalanta
1260 2245 1323 2324 agit

163 2343 275 2420 (Schol.
298 2345 422 2408 Theocr.
446 2347 489 2421 II,
513 2345 600 2431 120)

207 2485 502 2500 —————
522 2447 584 2534 „cci
605 2451 640 2517 οἵ
656 2477 737 2520 ποτε
759 2449 888 2540 Κύπρις
908 2452 1016 2521 stoico

207 2559 305 2639 Μήλα
327 2549 500 2622 Διωνύσου
524 2560 630 2624 doiasv
654 2556 720 2625 ἀπὸ
743 2557 943 2646 κροτάφωνα

163 2667 271 2728 Venus
302 2669 385 2730 mala
415 2690 507 2731 aurea
537 2693 574 2732 ex
604 2673 709 2734 Liberi
741 2695 852 2736 corona
881 2684 916 2735 ut
946 2681 1101 2754 praeterea
1131 2671 1213 2751 apud
1233 2670 1325 2732 Calli-

164 2776 305 2836 machum
328 2770 364 2836 111
385 2768 498 2858 λογάσι
522 2779 697 2858 (Schneider
719 2781 762 2856 ΙΙ,
788 2803 818 2861 p.
841 2778 927 2862 285),
950 2781 1032 2861 apud
1054 2779 1199 2842 Ovidium
1223 2787 1323 2840 antem

164 2905 202 2943 ex
220 2885 308 2946 horto
327 2907 381 2947 suo
404 2887 435 2947 in
457 2887 558 2968 prro
582 2890 639 2949 sito
663 2890 763 2952 sumit.
809 2891 924 2952 Tamen
945 2889 1027 2951 hunc
1048 2897 1177 2978 poetam,
1200 2888 1251 2967 qui
1274 2907 1325 2947 no·

164 2993 299 3054 tissimus
327 2995 353 3055 ei
380 3004 459 3056 osset
485 2996 654 3058 adhibitum
683 3019 749 3060 esse
776 2999 950 3080 ubicunque
976 2997 1094 3060 occasio
1118 3006 1196 3058 esset
1217 3017 1271 3076 per
1294 3017 1325 3058 se

165 3109 258 3180 patet.
304 3101 485 3163 Callimachi
510 3104 630 3182 quidem
653 3127 726 3168 usus
752 3107 856 3168 multis
879 3107 952 3168 locis
983 3126 1044 3167 uno
1064 3125 1132 3166 cum
1155 3103 1208 3164 illo
1231 3103 1325 3164 norni-

165 3209 230 3267 nati
252 3209 284 3266 in
307 3216 410 3285 aperto
432 3218 484 3270 est.

270 3314 350 3375 Icari
373 3315 477 3376 mortis
499 3317 634 3378 namatio
656 3319 688 3379 in
700 3319 996 3400 Metamorphosibus
1016 3319 1059 3399 (V
1060 3319 1120 3395 III,
1145 3316 1326 3396 183-235)

168 3430 258 3502 atque
280 3422 309 3481 in
327 3423 404 3484 Arte
420 3420 475 3504 (II,
489 3422 630 3508 21-96)
655 3427 817 3502 simillima,
838 3429 933 3490 immo
953 3428 1055 3489 cadem
1078 3429 1140 3490 fere
1162 3437 1215 3490 est.
1247 3427 1325 3504 Quis

167 3539 266 3591 autem
297 3531 399 3592 credat
424 3542 545 3611 poetam
574 3534 846 3613 ingeniosissimum
877 3547 907 3599 et
936 3537 1069 3599 eiusdem
1097 3505 1139 3597 rii
1160 3535 1326 3613 variandae

165 3639 380 3720 peritissimum
404 3660 462 3700 non
486 3643 574 3703 modo
597 3644 732 3724 singulas
764 3646 927 3707 sententias
951 3644 1190 3724 elocutionisque
1212 3644 1324 3723 figuras

164 3756 200 3808 ut
226 3746 400 3826 saepissime
426 3747 507 3821 fecit,
533 3751 582 3810 sed
609 3752 783 3815 universum
811 3753 954 3834 longioris
982 3751 1164 3812 narrationis
1192 3760 1324 3812 tenorem

164 3855 269 3915 iisdem
293 3855 355 3916 fere
377 3855 477 3918 verbis
495 3858 690 3936 repetiturum
713 3861 816 3934 fuisse,
839 3861 898 3922 nisi
920 3869 1048 3938 utroque
1070 3857 1135 3919 loco
1160 3879 1197 3920 ex
1219 3858 1322 3919 eodem

165 3962 249 4023 fonte
272 3963 441 4024 hausisset?
486 3964 651 4046 Praecipue
673 3990 814 4032 versuum
837 3968 1120 4047 Metamorphoseon
1143 3965 1323 4041 217—220,

168 4070 252 4130 Artis
277 4069 404 4131 77—78
427 4074 575 4135 sententia
597 4084 659 4136 tam
681 4076 843 4156 singularis
865 4084 918 4150 est,
941 4084 1055 4137 utnon
1079 4073 1118 4134 ab
1140 4074 1251 4136 Ouidio
1274 4096 1324 4135 ex·

168 4179 338 4257 cogitatam,
366 4180 417 4240 sed
440 4202 477 4241 ex
503 4183 600 4244 alieno
613 4185 746 4245 carmine
768 4194 919 4264 sumptam
942 4205 1008 4244 eam
1034 4203 1099 4243 csse
1113 4190 1225 4261 pateat.
1257 4183 1325 4261 Age

168 4309 237 4350 vcro
259 4288 350 4350 totius
375 4291 557 4351 narrationis
581 4291 670 4366 color,
700 4303 842 4354 accurata
863 4293 1008 4355 leviorum
1033 4311 1131 4351 rerum
1155 4291 1324 4370 descriptio,

166 4397 236 4457 talis
256 4407 309 4470 est,
330 4398 429 4475 qualis
445 4400 531 4460 unice
543 4401 647 4462 (locent
658 4400 888 4476 Callimachum,
910 4401 995 4460 cilius
1010 4399 1078 4462 ride
1090 4398 1289 4478 fragmentum
1303 4400 1322 4458 5
