3106 4988
725 295 937 366 ...42-

253 465 361 526 fabula
389 485 572 546 quamquam
599 485 717 526 summa
744 487 812 527 cum
839 465 986 528 varietate
1014 488 1032 527 a
1060 466 1186 547 singulis
1208 464 1405 546 scriptoribus

253 582 408 647 narratur,
433 593 583 653 nusquam
614 581 714 634 tamen
738 594 806 635 cum
833 573 943 636 fabula
970 575 1008 636 de
1028 573 1156 655 Myrrha
1177 574 1340 636 coniuncta
1361 581 1407 634 est

254 681 434 742 siNcuuum
456 681 509 762 qui
531 701 611 742 nova
634 690 665 742 et
683 681 821 744 inaudita
843 683 880 744 de
902 681 960 744 hac
982 704 1013 744 re
1034 683 1140 744 miscet
1160 691 1191 744 et
1202 682 1406 763 Nicephorum

254 798 404 851 extremae
427 788 616 869 antiquitatis
637 788 784 850 rhetorem
807 789 995 872 negligimus.
1024 791 1075 852 Ex
1089 790 1239 852 Adonidis
1263 790 1408 872 sauguine

256 919 422 960 anemonen
451 907 548 960 ortam
576 919 640 959 esse
668 908 787 978 praeter
808 899 952 962 Ovidium
978 899 1137 980 perhibent
1152 899 1306 961 Nicander
1328 898 1409 980 apud
1522 901 1523 942 ἒ

257 1005 458 1069 Scholiastam
489 1007 527 1068 ad
548 1006 739 1080 Theocritum
768 1008 824 1086 (V,
848 1006 919 1086 92),
945 1015 975 1069 et
996 1008 1118 1070 Servius
1139 1008 1194 1086 (ad
1215 1007 1307 1088 Verg.
1329 1007 1409 1068 Aen.

255 1115 295 1190 V,
326 1113 393 1193 72).
438 1115 531 1176 Illum
558 1114 589 1175 in
607 1101 884 1196 Ἑτεροιουμένοις
910 1117 947 1178 de
969 1116 1097 1200 Myrrha
1118 1137 1178 1178 non
1200 1117 1296 1197 egisse
1317 1138 1354 1178 ex
1375 1137 1410 1177 eo

257 1231 397 1302 apparet,
423 1221 503 1302 quod
534 1222 573 1283 ad
605 1221 754 1284 Antonini
780 1224 930 1286 Liberalis
963 1225 1166 1286 narrationem
1199 1245 1260 1285 non
1290 1223 1411 1284 additur

258 1329 447 1392 Nicandrum
476 1351 593 1410 quoque
618 1330 698 1391 hanc
724 1331 862 1392 fabulam
889 1351 1037 1395 narrasse.
1086 1333 1117 1393 Is
1152 1341 1251 1394 autem
1282 1333 1334 1412 qui
1360 1331 1411 1392 ad·

257 1438 442 1500 notationem
464 1437 549 1498 illam
574 1439 613 1499 ad
635 1437 765 1518 Vergilii
790 1438 956 1500 Aeneidem
985 1461 1064 1521 quae
1089 1440 1121 1500 in
1144 1441 1242 1503 Servii
1266 1460 1411 1502 commen·

258 1545 336 1607 tario
359 1553 480 1608 servata
501 1555 548 1607 est
570 1546 697 1626 scripsit,
715 1567 783 1607 cum
804 1547 835 1606 iu
858 1556 945 1627 parte
966 1548 1149 1610 narrationis
1180 1568 1252 1610 suae
1273 1568 1340 1609 eam
1367 1545 1412 1606 fa·

259 1653 351 1715 bulae
372 1654 510 1729 formam,
535 1655 662 1734 quaein
685 1655 786 1715 eodem
810 1657 1024 1717 commentario
1052 1656 1090 1717 ad
1113 1654 1245 1736 Eclogas
1275 1655 1330 1732 (X,
1362 1651 1413 1729 18)

260 1769 360 1822 exstat
381 1761 412 1821 in
434 1770 521 1841 parte
543 1781 609 1822 eam
632 1782 723 1840 quam
733 1761 912 1841 Fulgentius
932 1762 1003 1838 (ΙΙΙ,
1028 1761 1057 1841 8)
1079 1763 1211 1843 praebet,
1234 1769 1413 1842 sequeretur,

261 1869 419 1949 sauguinis
445 1869 476 1928 in
503 1869 606 1931 florem
632 1870 829 1931 mutationem
854 1891 892 1931 ex
917 1871 1000 1932 fonte
1027 1871 1067 1931 ah
1088 1880 1215 1952 utroque
1240 1869 1293 1931 illo
1316 1868 1413 1929 alieno

261 1976 373 2038 hausit.
403 1976 497 2058 Apud
520 1977 646 2038 Bionem
668 1978 704 2055 (I,
729 1976 781 2055 72)
800 1977 952 2039 Adonidis
976 1978 1099 2058 sanguis
1120 1978 1151 2038 in
1164 1997 1273 2050 rosam,
1285 1975 1414 2038 Veneris

261 2085 407 2148 lacrimae
428 2085 460 2145 in
484 2107 649 2148 anemonen
672 2095 838 2148 vertuntur.
883 2085 990 2147 Altero
1018 2086 1114 2149 Servii
1138 2085 1203 2146 loco
1225 2084 1349 2145 laudato
1371 2082 1415 2162 ip-

264 2215 331 2254 sum
351 2193 523 2270 Adonidem
544 2193 673 2256 Veneris
696 2193 887 2254 miseratione
905 2193 935 2253 in
959 2213 1058 2254 rosam
1081 2213 1257 2256 conversum
1280 2190 1415 2253 amultis

263 2302 409 2364 traditum
432 2321 497 2362 esse
518 2310 666 2362 narratur.
710 2300 848 2363 Colorem
871 2322 957 2362 rosae
971 2300 1098 2363 Veneris
1118 2301 1266 2381 sanguine
1286 2321 1324 2361 ex
1346 2299 1415 2360 albo

265 2409 389 2471 rubrum
410 2410 525 2470 factum
548 2429 613 2471 esse
625 2408 821 2490 Aphthonius
844 2407 1009 2490 (progymn.
1023 2405 1069 2491 11)
1090 2408 1234 2491 perhibet,
1257 2408 1416 2470 cuinarra-

263 2519 338 2580 tioui
367 2517 488 2579 Taetzes
511 2517 566 2595 (ad
591 2517 665 2600 Lyc.
694 2517 771 2595 831)
799 2539 958 2581 anemones
986 2539 1105 2600 quoque
1127 2518 1313 2579 mutationen
1336 2515 1417 2578 Ado·

234 2656 238 2663 ,
265 2629 345 2689 nidis
364 2649 468 2690 cruore
488 2629 625 2691 effectam
648 2629 760 2690 adiicit.
803 2630 917 2692 Rosam
940 2640 970 2692 et
993 2650 1158 2692 anemonen
1179 2629 1366 2709 iampridem
1384 2627 1417 2686 in

268 2736 418 2800 Adonidis
441 2744 471 2796 et
491 2735 621 2798 Veneris
644 2737 727 2797 cultu
746 2737 845 2798 locum
868 2739 1035 2800 obtinuisse
1045 2738 1220 2800 'Pausanias
1243 2713 1313 2819 (VI,
1328 2735 1377 2809 24,
1387 2734 1418 2812 6)

267 2855 297 2907 et
312 2842 515 2905 Philostratus
536 2843 593 2924 (ep.
614 2843 675 2920 IV)
695 2845 811 2907 docent.
857 2847 907 2906 Ex
928 2867 1040 2926 quare
1061 2855 1168 2926 poetae
1189 2846 1241 2926 qui
1261 2845 1298 2907 de
1315 2842 1418 2905 formis

266 2954 407 3018 innova
429 2932 555 3032 corpora
580 2951 704 3013 mutatis
737 2962 862 3032 egerunt
889 2954 992 3015 varias
1021 2952 1091 3015 illas
1120 2954 1418 3016 transformationum

265 3061 388 3123 fabulas
410 3061 569 3124 finxerunt.

371 3169 438 3230 Iam
463 3169 488 3230 si
511 3169 551 3229 ad
570 3169 668 3249 ipsam
690 3168 793 3230 Ovidii
814 3169 1017 3231 narrationem
1041 3167 1099 3248 (X,
1123 3167 1317 3248 298-739)
1339 3187 1421 3229 acce·

270 3275 378 3349 dimus,
402 3275 476 3336 duos
499 3275 605 3338 saltem
628 3277 727 3337 fontes
756 3297 824 3337 eum
850 3276 993 3338 habuisse
1019 3275 1122 3338 statim
1151 3276 1296 3338 videmus.
1339 3275 1420 3336 Nam

270 3404 338 3445 cum
361 3392 390 3444 et
413 3383 541 3464 Cinyras
563 3384 662 3465 Paphi
685 3383 778 3464 Cypri
798 3384 915 3445 insulae
935 3385 1012 3465 regis
1034 3385 1114 3445 filius
1137 3385 1176 3446 sit
1197 3392 1227 3445 et
1248 3383 1367 3444 Adonis
1387 3381 1420 3442 in
1524 3451 1525 3458 ἵ

271 3493 371 3574 Cypro
394 3492 611 3571 exstinguatur,
636 3490 662 3550 si
680 3491 768 3551 modo
784 3500 868 3552 recte
885 3491 1062 3572 interpretor
1081 3491 1176 3554 verba
1194 3490 1376 3570 (tlt-lep

423 3600 541 3676 „Vecta
560 3600 621 3663 levi
642 3620 731 3660 curru
752 3599 866 3676 medias
883 3599 1033 3680 Cytherea
1053 3621 1107 3680 per
1128 3605 1217 3661 auras

424 3708 560 3790 Chytron
581 3707 703 3770 olorinis
725 3708 860 3768 nondum
881 3717 1061 3789 pervenerat
1081 3701 1169 3781 alis,“

271 3819 415 3900 Myrrhae
429 3828 458 3881 et
476 3840 560 3880 amor
580 3829 610 3881 et
626 3819 753 3880 mutatio
774 3818 872 3880 subito
890 3818 922 3878 in
943 3818 1062 3880 Arabia
1076 3824 1240 3898 ponuntur.
1270 3813 1373 3893 Atque
1390 3809 1424 3869 iu

271 3926 429 4008 posteriori
443 3927 564 4009 quidem
577 3926 758 3990 narrationis
769 3935 863 4006 parte,
878 3927 910 3987 in
926 3946 987 4007 qua
998 3926 1035 3988 de
1045 3924 1194 3987 Adonidis
1205 3930 1301 3984 morte
1316 3919 1423 4001 agian,

273 4046 303 4100 et
320 4037 352 4096 in
367 4036 543 4118 genealogia
557 4035 686 4118 Cinyrae
696 4035 840 4098 Ovidium
849 4035 1005 4096 Nicandro
1018 4055 1107 4096 usum
1117 4053 1181 4096 esse
1192 4039 1313 4092 auctore
1323 4047 1425 4108 persu-

274 4167 359 4208 asum
375 4146 481 4208 habeo.
504 4146 585 4207 Nam
599 4165 660 4206 non
671 4145 760 4206 modo
783 4143 849 4205 sola
858 4139 1007 4206 Nicandri
1026 4141 1159 4204 narratio
1177 4140 1268 4222 plane
1284 4136 1426 4218 'congruit

275 4277 342 4318 cum
354 4255 473 4331 Ovidio,
494 4275 561 4317 cum
576 4261 664 4316 tanta
680 4241 719 4314 sit
735 4253 767 4313 in
782 4253 841 4314 hac
860 4251 968 4313 fabula
986 4251 1128 4324 varietas,
1149 4248 1306 4310 sedetiam
1320 4265 1425 4307 versus

276 4363 444 4430 725--727
461 4363 608 4430 Nicandri
631 4371 757 4426 naturae
779 4369 869 4444 atque
886 4359 996 4425 rationi
1014 4359 1064 4423 vel
1082 4357 1213 4420 maxime
1232 4353 1425 4454 convenipnt.
