3106 4988
735 312 944 372 „44-

267 504 328 563 qua
349 504 417 544 cum
440 482 598 544 Kekuleus
622 483 683 562 (De
705 484 813 544 fabula
833 483 1015 562 Meleagrea,
1038 482 1171 543 Berolini
1187 475 1281 559 1861)
1298 487 1329 540 et
1350 479 1419 539 Sur-

266 591 356 653 berus
379 590 452 670 (Die
469 590 702 672 Meleagersage,
723 591 832 652 Zfirich
857 589 950 669 1880)
973 590 1201 670 diligentissime
1223 597 1253 650 et
1273 585 1419 648 uberrime

266 697 501 778 disputaverint,
532 699 637 780 paucis
665 699 810 761 hocloco
837 720 924 779 agere
945 695 1064 759 sufficit.
1104 697 1252 759 Surberus
1279 694 1319 775 (p.
1347 689 1418 766 109)

267 807 343 868 duas
361 807 451 868 huius
473 805 597 870 fabulae
617 807 731 868 formas
753 806 926 886 potissimas
947 805 1098 868 exstitisse
1111 804 1226 884 egregie
1241 802 1335 874 dccet,
1348 819 1419 879 qua·

266 937 333 978 rum
361 915 487 977 alterius
505 915 668 988 Homerus,
699 913 821 976 alterius
852 911 1013 994 Euripides
1043 921 1146 974 auctor
1168 912 1215 973 sit.
1260 909 1351 970 Illam
1376 928 1419 968 se-

266 1024 369 1104 quitur
388 1024 542 1085 Nicander
562 1023 592 1083 in
617 1033 726 1084 cuneta
743 1019 807 1084 fe're
827 1023 1007 1097 narratione,
1030 1022 1088 1083 nisi
1113 1020 1194 1101 quod
1221 1017 1359 1080 fabulam
1383 1015 1419 1076 de

266 1132 372 1195 titione
394 1130 491 1205 fatali,
514 1152 592 1211 quae
613 1152 796 1212 quamquam
819 1130 858 1192 ab
878 1130 1024 1210 Euripide
1050 1139 1080 1191 et
1109 1128 1248 1190 omnibus
1274 1125 1326 1205 qui
1352 1145 1418 1186 eum

266 1250 432 1322 sequuntur
458 1249 606 1314 narratur,
635 1260 694 1300 non
726 1240 765 1300 ab
797 1261 832 1301 eo
863 1240 986 1302 inventa
1016 1247 1069 1312 est,
1100 1237 1152 1300 sed
1177 1237 1239 1297 iam
1262 1241 1331 1296 ante
1353 1253 1420 1293 enm

227 1427 229 1432 Ι
265 1350 445 1430 pervulgata
464 1347 667 1428 aPhrynicho
684 1347 781 1426 primo
799 1348 919 1428 poetice
927 1357 1074 1408 exornata
1088 1354 1134 1407 est
1156 1345 1258 1422 (Paua.
1271 1343 1312 1416 X,
1329 1339 1420 1417 31,2)

266 1459 365 1538 inepte
388 1478 456 1518 cum
474 1456 630 1536 sacrilegio
651 1457 765 1528 matris,
789 1477 866 1536 quae
890 1457 1071 1518 Homericae
1091 1457 1208 1518 formae
1229 1451 1351 1534 propria
1365 1458 1419 1523 est,

266 1565 429 1645 coniungit.
468 1564 597 1626 Ovidius
618 1565 670 1644 qui
693 1565 724 1624 iu
746 1565 849 1626 ceteris
866 1586 933 1625 cum
950 1565 1096 1644 Euripide
1107 1562 1262 1636 consentit,
1286 1579 1419 1621 sororum

266 1674 463 1735 mutationem
487 1672 599 1733 adiicit.
644 1673 732 1748 Quae
755 1694 822 1732 cum
848 1683 1002 1753 praeterea
1025 1673 1106 1753 apud
1132 1670 1310 1752 Sophoclem
1337 1665 1420 1749 (Sur-

264 1781 318 1842 ber
338 1802 368 1860 p.
396 1777 438 1840 20
463 1801 506 1859 sq,
534 1777 590 1858 sq.)
620 1789 649 1840 et
675 1779 873 1855 Nicandrum,
896 1782 948 1861 qui
970 1782 1139 1854 Homerum
1165 1779 1354 1860 potissimum
1377 1795 1421 1836 se·

265 1899 406 1968 quuntur,
431 1885 511 1967 apud
531 1887 691 1967 Hyginum
714 1887 787 1963 (fab.
810 1888 889 1965 174),
908 1889 1039 1950 Statium
1052 1889 1156 1966 (Theb.
1172 1889 1231 1962 IV,
1247 1885 1328 1963 103),
1343 1885 1421 1944 Lac·
1519 1878 1524 1937 i

265 1996 396 2057 bantium
419 1994 611 2072 (adstrui.
634 1992 676 2072 l.),
699 1996 750 2075 qui
774 2016 811 2056 ex
833 1997 899 2076 ipso
923 1997 1033 2059 Ouidio
1056 2017 1123 2058 eam
1141 1997 1315 2068 hauserunt,
1338 1993 1420 2072 apud

265 2102 429 2164 Aelianum
452 2102 531 2179 (hist.
554 2112 616 2164 nat.
639 2103 698 2176 IV,
721 2101 784 2180 42),
807 2105 934 2166 Suidam
957 2104 992 2185 (s.
1014 2128 1042 2168 v.
1060 2100 1297 2186 Μελεαγρὶὁες),
1318 2101 1420 2182 quide
1519 2114 1525 2161 l

265 2210 412 2292 Meleagri
433 2209 506 2272 fatis
528 2211 605 2271 nihil
627 2211 751 2285 addunt,
762 2213 889 2292 denique
906 2215 988 2294 apud
1011 2215 1179 2274 Eudociam
1195 2213 1234 2294 (p.
1247 2207 1331 2291 287),
1343 2231 1420 2290 quae

264 2320 350 2381 varia
371 2319 408 2380 de
428 2319 488 2380 hac
508 2317 616 2380 fabula
636 2318 750 2392 miscet,
774 2327 806 2379 at
827 2339 977 2399 nusquam
991 2321 1073 2400 apud
1088 2342 1137 2382 eos
1154 2321 1207 2400 qui
1224 2317 1418 2398 Euripideum

263 2427 392 2488 formam
435 2435 609 2506 sequuntur,
652 2435 776 2487 narrata
815 2428 862 2501 sit,
903 2449 941 2489 ex
973 2429 1033 2490 alio
1073 2429 1137 2490 sine
1176 2428 1268 2489 dubio
1300 2435 1419 2486 auctore

265 2543 355 2614 atque
381 2555 417 2595 ea
444 2553 521 2613 quae
542 2533 723 2595 antecedunt
753 2544 873 2614 sumpta
912 2545 964 2598 est.
1009 2537 1104 2598 Hunc
1133 2544 1233 2596 autem
1259 2534 1417 2614 quominus

263 2643 453 2718 Nicandrum
475 2642 577 2716 fuisse,
600 2650 768 2702 statuamus
785 2642 861 2702 nihil
880 2644 989 2706 obstat.
1034 2645 1146 2706 Omisit
1165 2643 1294 2705 Ovidius
1315 2640 1418 2701 Liberi

264 2771 386 2830 operam
404 2758 434 2810 et
454 2751 555 2812 avium
578 2751 610 2810 in
629 2750 741 2810 Larum
769 2751 902 2811 insulam
932 2752 1169 2825 translationem,
1203 2771 1280 2831 quae
1306 2770 1352 2809 res
1379 2749 1419 2808 ad

144 2849 146 2854 ¹
265 2859 390 2920 fabulae
411 2857 664 2938 pulchritudinem
687 2858 762 2917 nihil
784 2879 905 2937 prorsus
927 2860 1069 2920 facerent.
1112 2859 1178 2920 Neo
1198 2859 1308 2920 mirum
1329 2857 1416 2918 estin

265 2967 368 3030 ceteris
379 2965 524 3028 Ovidium
542 2965 595 3044 qui
609 2965 796 3026 narrationes
818 2966 979 3026 amatorias
1005 2967 1167 3034 admodum
1188 2967 1342 3046 diligebat,
1363 2963 1419 3024 Ni·

265 3077 376 3138 candro
389 3076 525 3156 neglecto
535 3075 731 3154 Euripideam
750 3075 880 3134 formam
902 3075 934 3134 in
957 3096 1018 3154 qua
1040 3095 1124 3135 amor
1133 3073 1280 3155 Meleagri
1292 3075 1324 3134 in
1343 3071 1419 3133 Ata-

264 3183 383 3244 lantam
417 3183 521 3243 mortis
556 3188 732 3256 causaest,
765 3183 953 3262 praetulisse.
998 3182 1057 3244 Sed
1087 3182 1292 3262 quaestionem
1318 3190 1420 3242 utrum

262 3293 338 3353 haec
359 3289 492 3351 narratio
512 3311 550 3350 ex
570 3290 636 3369 ipso
663 3289 810 3369 Euripide
840 3312 879 3350 an
908 3311 946 3351 ex
976 3290 1035 3351 alio
1064 3291 1207 3370 scriptore
1232 3291 1342 3351 hausta
1370 3288 1419 3362 sit,

264 3419 332 3460 cum
354 3419 392 3459 ne
414 3398 535 3459 Surberi
559 3396 679 3477 quidem
702 3396 867 3478 disputatio
888 3396 1066 3477 longissima
1085 3408 1115 3459 et
1136 3398 1175 3459 ad
1189 3398 1247 3459 hoc
1263 3395 1420 3478 ipsumin-

264 3506 370 3568 stituta
391 3505 430 3566 ad
451 3505 541 3565 finem
563 3505 743 3584 perduxerit,
767 3525 827 3564 non
853 3505 1009 3583 attingam.

367 3613 559 3675 Accedamus
583 3613 622 3674 ad
644 3611 784 3672 fabulam
807 3613 843 3674 de
865 3612 971 3674 Cauno
994 3621 1024 3674 et
1044 3613 1182 3694 Byblide.
1213 3615 1302 3692 Quae
1313 3612 1420 3694 quales

264 3723 377 3784 formas
396 3722 478 3802 apud
501 3721 634 3802 singulos
654 3720 707 3800 qui
726 3741 791 3782 eam
811 3722 977 3784 attulerunt
999 3724 1157 3804 scriptores
1177 3724 1330 3803 praebeat,
1350 3743 1421 3784 cum

264 3853 284 3892 a
304 3830 424 3892 Rohdic
443 3829 482 3910 (p.
494 3829 577 3907 95,l)
600 3837 741 3891 accurate
763 3838 794 3892 et
814 3831 970 3911 perspicue
992 3833 1176 3914 explicatum
1197 3833 1244 3908 sit,
1267 3854 1321 3914 ego
1333 3853 1421 3914 prae-

264 3941 368 4021 cipuas
395 3940 612 4020 discrepantias
635 3938 766 4001 breviter
794 3941 954 4020 proferam.
1001 3943 1050 4004 Ac
1076 3943 1206 4025 primum
1238 3943 1359 4024 quidem
1385 3941 1421 4001 in

263 4047 439 4129 genealogia
461 4067 579 4108 summa
598 4048 744 4110 dissensio
765 4056 818 4109 est.
863 4049 987 4111 Miletus
1011 4052 1121 4114 Ouidio
1143 4051 1213 4129 (IX,
1233 4045 1421 4130 440-665)

263 4156 395 4218 Deiones
414 4155 494 4216 fflius
518 4164 571 4230 est,
598 4155 786 4217 Acacallidis
813 4155 969 4220 Nicandro
996 4147 1044 4233 (li)
1075 4159 1148 4220 Ant.
1176 4157 1296 4237 XXX),
1323 4158 1421 4220 Ariae

263 4263 444 4344 Etymologo
467 4264 582 4345 Magno
601 4263 636 4342 (s.
659 4285 687 4326 v.
710 4259 864 4345 Μίλητος)
890 4274 920 4327 et
941 4266 1129 4328 Scholiastae
1156 4268 1195 4327 ad
1217 4267 1421 4348 Apollonium

262 4373 298 4455 (1,
323 4371 404 4455 186).
448 4373 537 4440 Uxor
565 4373 627 4438 eius
650 4373 824 4436 nominatur
845 4374 884 4436 ab
908 4375 1018 4440 Ouidio
1046 4375 1166 4458 Chanes
1191 4375 1367 4459 Maeandri,
1400 4399 1422 4439 a
