3106 4988
597 329 807 392 „37-

126 524 215 564 sensu
237 473 362 582 poetico,
388 500 490 582 inepte
508 502 653 563 Liberum
674 501 815 562 deumin
833 500 934 563 varias
951 500 1065 563 formas
1089 523 1121 564 se
1141 503 1280 565 mutandi

125 609 304 672 facultatem
330 618 530 671 ostentantem
558 631 658 672 coram
689 608 799 690 puellis
829 608 904 668 facit
931 641 970 652 -
999 609 1075 670 tales
1098 611 1280 672 mutationes

126 718 281 798 aptissime
311 719 350 780 ab
372 718 483 781 Ovidic
509 717 692 779 adhibentur
718 718 749 776 in
775 715 888 778 fabulis
919 717 956 777 de
979 717 1127 792 Acheloe,
1156 719 1280 795 Mestra,

126 826 344 906 Periclymene,
367 827 550 900 Vertumnc‚
573 826 700 887 Thetide
723 847 776 899 -;
807 825 955 887 Aelianus
979 847 1101 887 causam
1127 848 1278 889 sacrorum

125 944 293 1016 spretorum
317 955 448 996 amorem
471 954 542 1014 erga
563 935 704 1012 coniuges
725 933 820 994 fuisse
840 933 920 1008 dicit,
943 933 1125 996 Plutarchus
1143 937 1196 1017 qui
1214 945 1280 998 tan-

124 1054 189 1106 tum
202 1043 239 1105 de
248 1064 343 1124 puero
355 1043 517 1104 dilacerato
531 1051 644 1116 narrat,
658 1043 798 1130 insanam
813 1043 911 1102 camis
925 1041 1075 1104 humanae
1085 1044 1279 1124 cupiditatem

122 1151 301 1213 mulieribus
335 1151 439 1212 iniicit.
489 1151 617 1213 Ovidius
645 1150 735 1229 longe
766 1149 854 1210 aliter
882 1169 944 1211 rem
976 1162 1081 1213 namat
1110 1161 1140 1213 et
1168 1153 1280 1233 ubique

122 1259 220 1320 multo
252 1259 418 1322 venustius.
468 1257 613 1319 Sacerdos
643 1258 720 1319 benc
754 1279 856 1319 omnes
885 1259 1024 1320 mulieres
1057 1261 1096 1320 ad
1126 1261 1280 1323 Bacchum
1365 1293 1367 1298 ·

125 1366 338 1427 celebrandum
362 1374 521 1440 conuocat,
552 1375 587 1426 ut
610 1365 701 1446 eulpa
723 1386 860 1427 sororum
882 1377 1035 1447 augeatur,
1057 1369 1144 1430 utin
1166 1370 1280 1431 fabulis

124 1474 162 1535 de
182 1472 325 1548 Pentheo,
349 1473 387 1534 de
405 1471 521 1546 Niobe;
549 1473 671 1547 Thebis,
693 1494 754 1534 non
777 1474 959 1535 Orchomeni
980 1475 1130 1550 habitant,
1154 1486 1190 1539 ut
1211 1500 1279 1539 cum

121 1582 372 1661 praecedentibus
396 1590 469 1660 apta
490 1581 661 1642 coniunctio
682 1581 748 1653 fiat;
770 1581 918 1642 miracula
939 1582 1048 1661 quibus
1064 1591 1212 1646 terrentur
1230 1606 1280 1666 cp-

122 1691 195 1748 time
211 1689 308 1750 electa
317 1697 395 1762 sunt,
416 1697 450 1749 ut
465 1689 610 1750 tibiarum
620 1669 890 1768 tympanorumque
904 1690 1018 1750 sonitus
1032 1711 1127 1766 aures,
1148 1714 1282 1772 unguen-

126 1804 226 1856 torum
257 1796 331 1856 odor
360 1817 481 1870 nasum,
514 1796 638 1876 plantae
659 1797 691 1855 in
712 1795 775 1856 tela
797 1796 924 1858 orientes
948 1797 1147 1878 splendorque
1170 1801 1279 1862 rutilus

124 1903 228 1964 oculos
251 1913 402 1966 moveant.
447 1905 594 1964 Ferarum
617 1901 780 1964 simulacra
802 1924 839 1964 ex
860 1903 938 1966 libro
959 1906 1047 1967 tertio
1068 1907 1107 1983 (v.
1122 1905 1197 1988 668)
1221 1909 1282 1970 huc

123 2011 273 2072 manslata
295 2021 374 2073 sunt.
412 2011 480 2072 lam
503 2011 585 2091 apud
608 2011 765 2090 scriptores
788 2011 921 2074 Graecos
942 2013 1082 2076 mulieres
1103 2017 1209 2077 timore
1230 2018 1279 2079 vel
1370 2071 1372 2076 .

122 2118 243 2180 insania
276 2120 325 2181 vel
358 2119 524 2200 cupiditate
558 2121 657 2181 carnis
687 2121 838 2182 humanae
867 2131 1021 2202 correptae
1049 2144 1176 2203 puerum
1204 2126 1279 2188 dila-

122 2237 232 2303 cerant,
256 2228 286 2288 in
310 2229 463 2290 montibus
485 2229 673 2290 bacchantur
697 2237 726 2290 et
747 2237 812 2289 tum
833 2229 952 2292 demum
975 2230 1007 2290 in
1028 2241 1154 2294 noctuas
1177 2236 1278 2296 iarias

121 2345 290 2398 mutantur.
321 2337 431 2398 Ovidio
453 2358 518 2422 nec¹
529 2338 646 2399 subitus
668 2338 752 2398 furor
770 2358 874 2398 earum
889 2359 968 2418 quae
983 2347 1074 2401 antea
1086 2342 1279 2420 pertinaciter

122 2441 279 2502 Bacchum
309 2442 459 2503 celebrare
489 2454 675 2519 recusarent,
707 2465 761 2505 nec
789 2447 916 2507 mutatio
946 2455 1016 2526 post
1044 2447 1175 2510 furorem
1205 2452 1277 2512 satis

122 2548 253 2627 placuit,
282 2557 360 2609 certe
383 2570 402 2609 a
423 2549 578 2611 Nicandro
606 2551 664 2613 hae
689 2573 737 2614 res
759 2553 887 2614 fortasse
907 2575 967 2614 non
995 2557 1068 2616 satis
1091 2558 1189 2618 causis
1211 2579 1277 2638 pro·

122 2655 213 2716 batae
243 2665 340 2717 erant.
385 2657 488 2733 Quam
516 2658 553 2718 ob
583 2679 645 2720 rem
677 2661 766 2721 simul
795 2683 863 2722 curn
891 2663 1035 2742 prodigiis
1064 2664 1125 2727 illis
1150 2667 1277 2728 mutatio

120 2783 239 2842 poenae
266 2763 363 2824 instar
390 2764 435 2838 fit,
463 2773 493 2825 ct
519 2785 555 2826 ea
576 2767 608 2826 in
628 2769 861 2848 vespertiliones,
893 2791 971 2850 quae
998 2772 1110 2851 optime
1131 2786 1277 2854 congruat

119 2889 190 2929 cum
212 2869 330 2949 reliqua
345 2871 530 2946 narratione.
748 2873 749 2876 ’

222 2977 358 3039 Difficile
380 2988 426 3040 est
445 2979 483 3040 de
504 2981 589 3050 Batti
610 2982 719 3043 fabula
743 2983 796 3059 (II,
822 2982 1004 3063 676-707)
1025 2988 1097 3048 certi
1119 2987 1193 3069 quid
1216 2999 1276 3051 sta·

117 3092 210 3145 tuere.
254 3084 302 3146 De
335 3085 435 3147 bubus
467 3087 622 3168 Apollinis
654 3110 673 3149 a
702 3090 851 3150 Mercurio
881 3092 963 3153 furto
993 3094 1108 3156 abactis
1137 3107 1276 3160 accurate

120 3199 245 3252 narrant
268 3191 415 3276 Hymnus
446 3194 629 3256 Homericus
657 3196 689 3256 in
712 3197 896 3259 Mercurium
923 3209 953 3261 et
975 3202 1179 3282 Apollodorus
1202 3203 1274 3287 (ΙΙΙ,

121 3295 170 3370 10,
197 3297 239 3380 2),
265 3300 395 3364 breviter
421 3301 625 3364 Philostratus
656 3305 717 3382 (im.
741 3306 766 3380 I,
796 3305 849 3386 26)
878 3317 908 3369 et
934 3297 1059 3370 'Scholia
1085 3313 1118 3372 in
1146 3315 1274 3378 Homeri

119 3403 247 3466 iliadem
275 3409 410 3485 (XXIV,
437 3408 501 3492 24).
546 3412 698 3472 Fabulam
726 3414 763 3474 de
795 3414 886 3475 Batto
917 3426 1038 3497 propter
1064 3420 1219 3499 perfidiam
1240 3424 1273 3484 in

118 3532 227 3574 saxum
250 3523 366 3579 mutato
394 3529 513 3599 praeter
532 3519 677 3582 Ovidium
700 3543 778 3583 unus
802 3533 902 3587 servat
925 3526 1099 3588 Antoninus
1122 3528 1271 3613 (XXIH),

116 3621 203 3682 cuius
223 3626 389 3687 narrationi
409 3627 453 3687 ita
473 3625 651 3707 inscriptum
674 3640 731 3692 est:
757 3620 929 3708 „Boinoa
954 3625 1075 3712 ἱστορεῖ
1088 3632 1273 3719 Νίκανδρος

112 3723 387 3813 Ἑτεροιουμένων
410 3721 437 3793 α’
459 3731 511 3794 καὶ
528 3723 674 3810 Ἡσίοδος
703 3734 739 3798 ἐν
764 3729 926 3819 Μεγάλαις
954 3731 1070 3815 Ἠοίαις
1096 3741 1149 3804 καὶ
1176 3741 1272 3807 Λιδύ-
1298 3753 1301 3760 ’

116 3856 238 3918 μαρχος
261 3830 559 3921 Μεταμορφώσεων
585 3832 612 3924 γ’
633 3842 686 3905 καὶ
708 3837 889 3927 Ἀντίγονος
918 3842 953 3908 ἐν
981 3857 1050 3922 τοϊς
1070 3841 1272 3915 :tractatore

117 3941 168 4004 aul
190 3936 409 4023 Ἀπολλώνιος
431 3937 449 4009 ὁ
470 3938 593 4024 Ῥόδιος
619 3947 655 4012 ἐν
678 3943 943 4035 Ἐπιγράμμασιν,
971 3945 1017 4030 ὥς
1039 3973 1117 4040 φησι
1143 3950 1271 4042 Πάμιμ-

116 4051 173 4126 λος
191 4047 226 4115 ἐν
250 4043 310 4116 α’.“

216 4163 266 4224 De
282 4164 392 4244 quibus
414 4166 513 4229 verbis
537 4169 686 4248 quomodo
703 4169 898 4232 iudicandum
917 4171 957 4233 sit
977 4171 1061 4234 haud
1081 4173 1175 4238 latere
1195 4179 1271 4240 mihi

114 4267 241 4332 videtur.
290 4273 413 4336 Etenim
447 4297 515 4336 curn
545 4277 570 4337 is
599 4279 652 4356 qui
682 4279 831 4341 Antonini
860 4280 1084 4342 narrationibus
1114 4293 1269 4348 auctorum

113 4398 190 4456 quos
218 4379 271 4440 ille
297 4393 470 4460 sequeretur
500 4385 623 4445 nomina
652 4387 783 4460 addidit,
810 4388 908 4448 sexies
930 4395 1049 4448 tantum
1071 4389 1146 4450 duos
1166 4391 1270 4455 landet

1098 4505 1115 4556 3
