<?xml version="1.0" encoding="UTF-8"?>
<!DOCTYPE html PUBLIC "-//W3C//DTD XHTML 1.0 Transitional//EN"
    "http://www.w3.org/TR/xhtml1/DTD/xhtml1-transitional.dtd">
<html xmlns="http://www.w3.org/1999/xhtml" xml:lang="en" lang="en">
 <head>
  <title>
</title>
<meta http-equiv="Content-Type" content="text/html;charset=utf-8" />
  <meta name='ocr-system' content='tesseract 3.04.00' />
  <meta name='ocr-capabilities' content='ocr_page ocr_carea ocr_par ocr_line ocrx_word'/>
</head>
<body>
  <div class='ocr_page' id='page_1' title='image "./denicandroaliis00plaegoog_0052.png"; bbox 0 0 3106 4988; ppageno 0'>
   <div class='ocr_carea' id='block_1_1' title="bbox 628 349 836 409">
    <p class='ocr_par' dir='ltr' id='par_1_1' title="bbox 628 349 836 409">
     <span class='ocr_line' id='line_1_1' title="bbox 628 349 836 409; baseline 0.005 -16"><span class='ocrx_word' id='word_1_1' title='bbox 628 349 836 409; x_wconf 72' lang='grc'><strong>-47-</strong></span> 
     </span>
    </p>
   </div>
   <div class='ocr_carea' id='block_1_2' title="bbox 151 519 1390 4490">
    <p class='ocr_par' dir='ltr' id='par_1_2' title="bbox 151 519 1309 1142">
     <span class='ocr_line' id='line_1_2' title="bbox 151 519 1307 594; baseline -0.002 -14"><span class='ocrx_word' id='word_1_2' title='bbox 151 541 197 580; x_wconf 90' lang='lat' dir='ltr'>res</span> <span class='ocrx_word' id='word_1_3' title='bbox 225 541 293 580; x_wconf 85' lang='lat' dir='ltr'>curn</span> <span class='ocrx_word' id='word_1_4' title='bbox 323 519 431 580; x_wconf 86' lang='lat' dir='ltr'>fabula</span> <span class='ocrx_word' id='word_1_5' title='bbox 453 541 512 580; x_wconf 90' lang='lat' dir='ltr'>non</span> <span class='ocrx_word' id='word_1_6' title='bbox 537 521 728 582; x_wconf 76' lang='lat' dir='ltr'>cohaerentes</span> <span class='ocrx_word' id='word_1_7' title='bbox 759 541 827 582; x_wconf 86' lang='lat' dir='ltr'>cum</span> <span class='ocrx_word' id='word_1_8' title='bbox 851 521 973 582; x_wconf 80' lang='lat' dir='ltr'>adderet</span> <span class='ocrx_word' id='word_1_9' title='bbox 995 521 1136 594; x_wconf 87' lang='lat' dir='ltr'>Ovidius,</span> <span class='ocrx_word' id='word_1_10' title='bbox 1160 519 1307 580; x_wconf 80' lang='lat' dir='ltr'><strong>Nicandri</strong></span> 
     </span>
     <span class='ocr_line' id='line_1_3' title="bbox 151 610 1309 709; baseline -0.001 -20"><span class='ocrx_word' id='word_1_11' title='bbox 151 628 285 690; x_wconf 90' lang='lat' dir='ltr'>narratio</span> <span class='ocrx_word' id='word_1_12' title='bbox 309 629 337 689; x_wconf 88' lang='lat' dir='ltr'>ei</span> <span class='ocrx_word' id='word_1_13' title='bbox 360 610 521 690; x_wconf 83' lang='lat' dir='ltr'>obversata</span> <span class='ocrx_word' id='word_1_14' title='bbox 542 615 613 690; x_wconf 38' lang='lat' dir='ltr'>esse*</span> <span class='ocrx_word' id='word_1_15' title='bbox 626 629 754 704; x_wconf 89' lang='lat' dir='ltr'>videtur,</span> <span class='ocrx_word' id='word_1_16' title='bbox 774 630 853 691; x_wconf 91' lang='lat' dir='ltr'>sicut</span> <span class='ocrx_word' id='word_1_17' title='bbox 876 630 907 690; x_wconf 93' lang='lat' dir='ltr'>in</span> <span class='ocrx_word' id='word_1_18' title='bbox 928 631 1101 691; x_wconf 82' lang='lat' dir='ltr'>narratione</span> <span class='ocrx_word' id='word_1_19' title='bbox 1120 629 1157 690; x_wconf 90' lang='lat' dir='ltr'>de</span> <span class='ocrx_word' id='word_1_20' title='bbox 1178 627 1309 709; x_wconf 89' lang='lat' dir='ltr'>Byblide</span> 
     </span>
     <span class='ocr_line' id='line_1_4' title="bbox 153 735 1309 819; baseline -0.001 -22"><span class='ocrx_word' id='word_1_21' title='bbox 153 738 267 798; x_wconf 85' lang='lat' dir='ltr'>facturn</span> <span class='ocrx_word' id='word_1_22' title='bbox 287 735 437 819; x_wconf 24' lang='lat' dir='ltr'>,vidimus</span> <span class='ocrx_word' id='word_1_23' title='bbox 482 737 640 799; x_wconf 89' lang='lat' dir='ltr'>Eiusmodi</span> <span class='ocrx_word' id='word_1_24' title='bbox 672 758 719 799; x_wconf 90' lang='lat' dir='ltr'>res</span> <span class='ocrx_word' id='word_1_25' title='bbox 742 737 868 800; x_wconf 91' lang='lat' dir='ltr'>leviores</span> <span class='ocrx_word' id='word_1_26' title='bbox 890 760 927 800; x_wconf 87' lang='lat' dir='ltr'>ex</span> <span class='ocrx_word' id='word_1_27' title='bbox 949 747 1039 818; x_wconf 91' lang='lat' dir='ltr'>poeta</span> <span class='ocrx_word' id='word_1_28' title='bbox 1066 737 1167 817; x_wconf 90' lang='lat' dir='ltr'>aliquo</span> <span class='ocrx_word' id='word_1_29' title='bbox 1190 736 1309 816; x_wconf 87' lang='lat' dir='ltr'>saepius</span> 
     </span>
     <span class='ocr_line' id='line_1_5' title="bbox 154 843 1309 919; baseline -0.003 -13"><span class='ocrx_word' id='word_1_30' title='bbox 154 843 263 906; x_wconf 89' lang='lat' dir='ltr'>Ovidio</span> <span class='ocrx_word' id='word_1_31' title='bbox 293 845 325 903; x_wconf 94' lang='lat' dir='ltr'>in</span> <span class='ocrx_word' id='word_1_32' title='bbox 355 852 486 906; x_wconf 87' lang='lat' dir='ltr'>mentem</span> <span class='ocrx_word' id='word_1_33' title='bbox 516 845 645 919; x_wconf 90' lang='lat' dir='ltr'>venisse,</span> <span class='ocrx_word' id='word_1_34' title='bbox 680 867 747 906; x_wconf 93' lang='lat' dir='ltr'>cum</span> <span class='ocrx_word' id='word_1_35' title='bbox 775 854 873 907; x_wconf 89' lang='lat' dir='ltr'>cetera</span> <span class='ocrx_word' id='word_1_36' title='bbox 900 867 938 907; x_wconf 84' lang='lat' dir='ltr'>ex</span> <span class='ocrx_word' id='word_1_37' title='bbox 965 847 1024 908; x_wconf 90' lang='lat' dir='ltr'>alic</span> <span class='ocrx_word' id='word_1_38' title='bbox 1054 853 1191 906; x_wconf 86' lang='lat' dir='ltr'>narraret</span> <span class='ocrx_word' id='word_1_39' title='bbox 1217 845 1309 916; x_wconf 86' lang='lat' dir='ltr'>fonte,</span> 
     </span>
     <span class='ocr_line' id='line_1_6' title="bbox 152 937 1308 1034; baseline -0.003 -20"><span class='ocrx_word' id='word_1_40' title='bbox 152 951 283 1014; x_wconf 86' lang='lat' dir='ltr'>vidimus</span> <span class='ocrx_word' id='word_1_41' title='bbox 306 951 436 1032; x_wconf 82' lang='lat' dir='ltr'>exempli</span> <span class='ocrx_word' id='word_1_42' title='bbox 455 973 548 1013; x_wconf 90' lang='lat' dir='ltr'>causa</span> <span class='ocrx_word' id='word_1_43' title='bbox 570 954 601 1012; x_wconf 89' lang='lat' dir='ltr'>in</span> <span class='ocrx_word' id='word_1_44' title='bbox 625 953 739 1015; x_wconf 87' lang='lat' dir='ltr'>fabulis</span> <span class='ocrx_word' id='word_1_45' title='bbox 763 954 800 1014; x_wconf 91' lang='lat' dir='ltr'>de</span> <span class='ocrx_word' id='word_1_46' title='bbox 817 954 975 1034; x_wconf 89' lang='lat' dir='ltr'>Iphide-ct</span> <span class='ocrx_word' id='word_1_47' title='bbox 990 937 1167 1016; x_wconf 87' lang='lat' dir='ltr'>Anaxarete</span> <span class='ocrx_word' id='word_1_48' title='bbox 1189 952 1229 1032; x_wconf 87' lang='lat' dir='ltr'>(p.</span> <span class='ocrx_word' id='word_1_49' title='bbox 1249 951 1308 1028; x_wconf 82' lang='lat'>15),</span> 
     </span>
     <span class='ocr_line' id='line_1_7' title="bbox 153 1057 492 1142; baseline 0 -20"><span class='ocrx_word' id='word_1_50' title='bbox 153 1060 190 1122; x_wconf 93' lang='lat' dir='ltr'>de</span> <span class='ocrx_word' id='word_1_51' title='bbox 212 1061 391 1142; x_wconf 84' lang='lat' dir='ltr'>Hyacinthe</span> <span class='ocrx_word' id='word_1_52' title='bbox 417 1057 492 1141; x_wconf 79' lang='lat'>(17).</span> 
     </span>
    </p>

    <p class='ocr_par' dir='ltr' id='par_1_3' title="bbox 153 1167 1390 4270">
     <span class='ocr_line' id='line_1_8' title="bbox 191 1167 1309 1249; baseline -0.003 -19"><span class='ocrx_word' id='word_1_53' title='bbox 191 1243 194 1247; x_wconf 11' lang='grc' dir='ltr'>ᾗ</span> <span class='ocrx_word' id='word_1_54' title='bbox 256 1169 360 1249; x_wconf 86' lang='lat' dir='ltr'>Atque</span> <span class='ocrx_word' id='word_1_55' title='bbox 376 1169 467 1230; x_wconf 88' lang='lat' dir='ltr'>etiarn</span> <span class='ocrx_word' id='word_1_56' title='bbox 487 1169 519 1229; x_wconf 91' lang='lat' dir='ltr'>in</span> <span class='ocrx_word' id='word_1_57' title='bbox 540 1167 649 1230; x_wconf 85' lang='lat' dir='ltr'>fabula</span> <span class='ocrx_word' id='word_1_58' title='bbox 670 1170 707 1230; x_wconf 92' lang='lat' dir='ltr'>de</span> <span class='ocrx_word' id='word_1_59' title='bbox 720 1168 841 1230; x_wconf 83' lang='lat' dir='ltr'>Orionis</span> <span class='ocrx_word' id='word_1_60' title='bbox 858 1168 978 1231; x_wconf 89' lang='lat' dir='ltr'>filiabus</span> <span class='ocrx_word' id='word_1_61' title='bbox 1000 1168 1154 1230; x_wconf 89' lang='lat' dir='ltr'>narranda</span> <span class='ocrx_word' id='word_1_62' title='bbox 1165 1167 1309 1231; x_wconf 88' lang='lat' dir='ltr'>Ovidium</span> 
     </span>
     <span class='ocr_line' id='line_1_9' title="bbox 154 1274 1309 1356; baseline 0 -20"><span class='ocrx_word' id='word_1_63' title='bbox 154 1275 259 1353; x_wconf 88' lang='lat' dir='ltr'>(XIII,</span> <span class='ocrx_word' id='word_1_64' title='bbox 282 1274 464 1354; x_wconf 81' lang='lat'>684-700)</span> <span class='ocrx_word' id='word_1_65' title='bbox 489 1285 640 1338; x_wconf 78' lang='lat' dir='ltr'>auctorem</span> <span class='ocrx_word' id='word_1_66' title='bbox 664 1299 682 1338; x_wconf 88' lang='lat' dir='ltr'>a</span> <span class='ocrx_word' id='word_1_67' title='bbox 702 1277 857 1356; x_wconf 86' lang='lat' dir='ltr'>Nicandro</span> <span class='ocrx_word' id='word_1_68' title='bbox 880 1274 931 1355; x_wconf 83' lang='grc' dir='ltr'><strong>(ὀ’;</strong></span> <span class='ocrx_word' id='word_1_69' title='bbox 954 1277 1027 1338; x_wconf 82' lang='lat' dir='ltr'>Aut.</span> <span class='ocrx_word' id='word_1_70' title='bbox 1047 1277 1158 1354; x_wconf 87' lang='lat' dir='ltr'>XXV)</span> <span class='ocrx_word' id='word_1_71' title='bbox 1178 1277 1309 1338; x_wconf 87' lang='lat' dir='ltr'>alienum</span> 
     </span>
     <span class='ocr_line' id='line_1_10' title="bbox 153 1381 1309 1465; baseline -0.002 -21"><span class='ocrx_word' id='word_1_72' title='bbox 153 1383 297 1446; x_wconf 84' lang='lat' dir='ltr'>habuisse</span> <span class='ocrx_word' id='word_1_73' title='bbox 328 1383 488 1465; x_wconf 87' lang='lat' dir='ltr'>praecipue</span> <span class='ocrx_word' id='word_1_74' title='bbox 514 1403 552 1444; x_wconf 86' lang='lat' dir='ltr'>ex</span> <span class='ocrx_word' id='word_1_75' title='bbox 588 1406 622 1446; x_wconf 92' lang='lat' dir='ltr'>eo</span> <span class='ocrx_word' id='word_1_76' title='bbox 652 1392 750 1465; x_wconf 91' lang='lat' dir='ltr'>patet,</span> <span class='ocrx_word' id='word_1_77' title='bbox 784 1386 863 1465; x_wconf 92' lang='lat' dir='ltr'>quod</span> <span class='ocrx_word' id='word_1_78' title='bbox 896 1407 933 1446; x_wconf 81' lang='lat' dir='ltr'>ex</span> <span class='ocrx_word' id='word_1_79' title='bbox 963 1385 1113 1446; x_wconf 84' lang='lat' dir='ltr'>cineribus</span> <span class='ocrx_word' id='word_1_80' title='bbox 1139 1381 1309 1463; x_wconf 83' lang='lat' dir='ltr'>puellarum</span> 
     </span>
     <span class='ocr_line' id='line_1_11' title="bbox 155 1490 1311 1565; baseline -0.002 -13"><span class='ocrx_word' id='word_1_81' title='bbox 155 1500 355 1554; x_wconf 88' lang='lat' dir='ltr'>crematarum</span> <span class='ocrx_word' id='word_1_82' title='bbox 384 1512 445 1552; x_wconf 91' lang='lat' dir='ltr'>non</span> <span class='ocrx_word' id='word_1_83' title='bbox 476 1492 587 1565; x_wconf 87' lang='lat' dir='ltr'>sidera,</span> <span class='ocrx_word' id='word_1_84' title='bbox 617 1493 669 1553; x_wconf 91' lang='lat' dir='ltr'>sed</span> <span class='ocrx_word' id='word_1_85' title='bbox 698 1493 821 1554; x_wconf 90' lang='lat' dir='ltr'>iuvenes</span> <span class='ocrx_word' id='word_1_86' title='bbox 849 1501 967 1554; x_wconf 85' lang='lat' dir='ltr'>exeunt.</span> <span class='ocrx_word' id='word_1_87' title='bbox 1012 1493 1079 1553; x_wconf 90' lang='lat' dir='ltr'>Iam</span> <span class='ocrx_word' id='word_1_88' title='bbox 1109 1512 1177 1551; x_wconf 92' lang='lat' dir='ltr'>cum</span> <span class='ocrx_word' id='word_1_89' title='bbox 1203 1490 1311 1550; x_wconf 86' lang='lat' dir='ltr'>fabula</span> 
     </span>
     <span class='ocr_line' id='line_1_12' title="bbox 154 1597 1311 1679; baseline -0.005 -19"><span class='ocrx_word' id='word_1_90' title='bbox 154 1597 276 1660; x_wconf 87' lang='lat' dir='ltr'>Orionis</span> <span class='ocrx_word' id='word_1_91' title='bbox 305 1621 343 1660; x_wconf 85' lang='lat' dir='ltr'>ex</span> <span class='ocrx_word' id='word_1_92' title='bbox 372 1619 475 1658; x_wconf 89' lang='lat' dir='ltr'>earum</span> <span class='ocrx_word' id='word_1_93' title='bbox 505 1619 628 1659; x_wconf 87' lang='lat' dir='ltr'>numero</span> <span class='ocrx_word' id='word_1_94' title='bbox 657 1599 708 1672; x_wconf 91' lang='lat' dir='ltr'>sit,</span> <span class='ocrx_word' id='word_1_95' title='bbox 736 1619 813 1679; x_wconf 89' lang='lat' dir='ltr'>quae</span> <span class='ocrx_word' id='word_1_96' title='bbox 844 1621 881 1660; x_wconf 90' lang='lat' dir='ltr'>ex</span> <span class='ocrx_word' id='word_1_97' title='bbox 906 1599 973 1678; x_wconf 90' lang='lat' dir='ltr'>ipsa</span> <span class='ocrx_word' id='word_1_98' title='bbox 1003 1598 1158 1660; x_wconf 88' lang='lat' dir='ltr'>stellarum</span> <span class='ocrx_word' id='word_1_99' title='bbox 1181 1604 1311 1657; x_wconf 92' lang='lat' dir='ltr'>contem-</span> 
     </span>
     <span class='ocr_line' id='line_1_13' title="bbox 155 1703 1310 1787; baseline -0.003 -21"><span class='ocrx_word' id='word_1_100' title='bbox 155 1706 291 1787; x_wconf 89' lang='lat' dir='ltr'>platione</span> <span class='ocrx_word' id='word_1_101' title='bbox 314 1714 397 1767; x_wconf 90' lang='lat' dir='ltr'>ortae</span> <span class='ocrx_word' id='word_1_102' title='bbox 420 1714 491 1766; x_wconf 90' lang='lat' dir='ltr'>sunt</span> <span class='ocrx_word' id='word_1_103' title='bbox 509 1727 606 1787; x_wconf 90' lang='lat' dir='ltr'>neque</span> <span class='ocrx_word' id='word_1_104' title='bbox 629 1706 667 1767; x_wconf 91' lang='lat' dir='ltr'>ab</span> <span class='ocrx_word' id='word_1_105' title='bbox 691 1728 727 1767; x_wconf 90' lang='lat' dir='ltr'>ea</span> <span class='ocrx_word' id='word_1_106' title='bbox 749 1706 866 1786; x_wconf 85' lang='lat' dir='ltr'>seiungi</span> <span class='ocrx_word' id='word_1_107' title='bbox 887 1716 1022 1786; x_wconf 86' lang='lat' dir='ltr'>possunt,</span> <span class='ocrx_word' id='word_1_108' title='bbox 1042 1706 1091 1784; x_wconf 84' lang='lat' dir='ltr'>(cf.</span> <span class='ocrx_word' id='word_1_109' title='bbox 1112 1705 1148 1767; x_wconf 94' lang='lat' dir='ltr'>O.</span> <span class='ocrx_word' id='word_1_110' title='bbox 1171 1703 1310 1778; x_wconf 84' lang='lat' dir='ltr'>Mueller,</span> 
     </span>
     <span class='ocr_line' id='line_1_14' title="bbox 156 1809 1311 1894; baseline -0.004 -18"><span class='ocrx_word' id='word_1_111' title='bbox 156 1813 215 1876; x_wconf 90' lang='lat' dir='ltr'>Rh.</span> <span class='ocrx_word' id='word_1_112' title='bbox 237 1815 317 1876; x_wconf 90' lang='lat' dir='ltr'>Mus.</span> <span class='ocrx_word' id='word_1_113' title='bbox 340 1814 384 1888; x_wconf 92' lang='lat' dir='ltr'>II,</span> <span class='ocrx_word' id='word_1_114' title='bbox 406 1835 435 1894; x_wconf 93' lang='lat' dir='ltr'>p.</span> <span class='ocrx_word' id='word_1_115' title='bbox 459 1811 500 1874; x_wconf 79' lang='lat'>26</span> <span class='ocrx_word' id='word_1_116' title='bbox 525 1835 567 1894; x_wconf 92' lang='lat' dir='ltr'>sq.</span> <span class='ocrx_word' id='word_1_117' title='bbox 592 1835 649 1894; x_wconf 86' lang='lat' dir='ltr'>sq.;</span> <span class='ocrx_word' id='word_1_118' title='bbox 671 1815 787 1876; x_wconf 83' lang='lat' dir='ltr'>Robert</span> <span class='ocrx_word' id='word_1_119' title='bbox 808 1815 923 1877; x_wconf 88' lang='lat' dir='ltr'>Oatast.</span> <span class='ocrx_word' id='word_1_120' title='bbox 946 1836 975 1894; x_wconf 93' lang='lat' dir='ltr'>p.</span> <span class='ocrx_word' id='word_1_121' title='bbox 999 1813 1063 1874; x_wconf 81' lang='lat'>244</span> <span class='ocrx_word' id='word_1_122' title='bbox 1087 1835 1130 1894; x_wconf 87' lang='lat' dir='ltr'>sq.</span> <span class='ocrx_word' id='word_1_123' title='bbox 1154 1809 1211 1894; x_wconf 84' lang='lat' dir='ltr'>sq.)</span> <span class='ocrx_word' id='word_1_124' title='bbox 1235 1813 1311 1872; x_wconf 88' lang='lat' dir='ltr'>anti-</span> 
     </span>
     <span class='ocr_line' id='line_1_15' title="bbox 157 1920 1311 2002; baseline -0.002 -20"><span class='ocrx_word' id='word_1_125' title='bbox 157 1921 274 2001; x_wconf 90' lang='lat' dir='ltr'>quiores</span> <span class='ocrx_word' id='word_1_126' title='bbox 297 1921 418 2001; x_wconf 92' lang='lat' dir='ltr'>quidem</span> <span class='ocrx_word' id='word_1_127' title='bbox 441 1922 600 2002; x_wconf 88' lang='lat' dir='ltr'>scriptores</span> <span class='ocrx_word' id='word_1_128' title='bbox 623 1923 659 1983; x_wconf 91' lang='lat' dir='ltr'>de</span> <span class='ocrx_word' id='word_1_129' title='bbox 681 1922 802 1984; x_wconf 89' lang='lat' dir='ltr'>Orionis</span> <span class='ocrx_word' id='word_1_130' title='bbox 825 1922 945 1984; x_wconf 89' lang='lat' dir='ltr'>filiabus</span> <span class='ocrx_word' id='word_1_131' title='bbox 971 1923 1004 1981; x_wconf 90' lang='lat' dir='ltr'>in</span> <span class='ocrx_word' id='word_1_132' title='bbox 1031 1922 1165 1994; x_wconf 87' lang='lat' dir='ltr'>iuvenes,</span> <span class='ocrx_word' id='word_1_133' title='bbox 1192 1941 1252 1980; x_wconf 90' lang='lat' dir='ltr'>non</span> <span class='ocrx_word' id='word_1_134' title='bbox 1279 1920 1311 1980; x_wconf 91' lang='lat' dir='ltr'>in</span> 
     </span>
     <span class='ocr_line' id='line_1_16' title="bbox 155 2027 1356 2110; baseline -0.002 -20"><span class='ocrx_word' id='word_1_135' title='bbox 155 2028 259 2090; x_wconf 87' lang='lat' dir='ltr'>stellas</span> <span class='ocrx_word' id='word_1_136' title='bbox 282 2027 406 2089; x_wconf 88' lang='lat' dir='ltr'>mutatis</span> <span class='ocrx_word' id='word_1_137' title='bbox 433 2049 520 2107; x_wconf 87' lang='lat' dir='ltr'>agere</span> <span class='ocrx_word' id='word_1_138' title='bbox 550 2048 611 2089; x_wconf 90' lang='lat' dir='ltr'>non</span> <span class='ocrx_word' id='word_1_139' title='bbox 638 2029 771 2109; x_wconf 89' lang='lat' dir='ltr'>potuisse</span> <span class='ocrx_word' id='word_1_140' title='bbox 801 2038 934 2110; x_wconf 89' lang='lat' dir='ltr'>apparet.</span> <span class='ocrx_word' id='word_1_141' title='bbox 980 2030 1030 2089; x_wconf 88' lang='lat' dir='ltr'>Ex</span> <span class='ocrx_word' id='word_1_142' title='bbox 1051 2049 1085 2089; x_wconf 91' lang='lat' dir='ltr'>eo</span> <span class='ocrx_word' id='word_1_143' title='bbox 1108 2037 1208 2089; x_wconf 85' lang='lat' dir='ltr'>autem</span> <span class='ocrx_word' id='word_1_144' title='bbox 1231 2028 1311 2108; x_wconf 89' lang='lat' dir='ltr'>quod</span> <span class='ocrx_word' id='word_1_145' title='bbox 1350 2045 1356 2065; x_wconf 64' lang='lat'><strong>²</strong></span> 
     </span>
     <span class='ocr_line' id='line_1_17' title="bbox 154 2136 1311 2218; baseline -0.003 -20"><span class='ocrx_word' id='word_1_146' title='bbox 154 2136 309 2198; x_wconf 86' lang='lat' dir='ltr'>Nicander</span> <span class='ocrx_word' id='word_1_147' title='bbox 334 2145 496 2216; x_wconf 90' lang='lat' dir='ltr'>postquam</span> <span class='ocrx_word' id='word_1_148' title='bbox 525 2136 664 2197; x_wconf 87' lang='lat' dir='ltr'>fabulam</span> <span class='ocrx_word' id='word_1_149' title='bbox 691 2137 728 2198; x_wconf 91' lang='lat' dir='ltr'>de</span> <span class='ocrx_word' id='word_1_150' title='bbox 750 2137 877 2198; x_wconf 54' lang='lat' dir='ltr'>‘Orionis</span> <span class='ocrx_word' id='word_1_151' title='bbox 907 2137 1018 2218; x_wconf 85' lang='lat' dir='ltr'>Hyriei</span> <span class='ocrx_word' id='word_1_152' title='bbox 1047 2137 1101 2197; x_wconf 91' lang='lat' dir='ltr'>filii</span> <span class='ocrx_word' id='word_1_153' title='bbox 1130 2136 1251 2198; x_wconf 86' lang='lat' dir='ltr'>filiabus</span> <span class='ocrx_word' id='word_1_154' title='bbox 1280 2137 1311 2195; x_wconf 89' lang='lat' dir='ltr'>in</span> 
     </span>
     <span class='ocr_line' id='line_1_18' title="bbox 157 2244 1390 2326; baseline -0.002 -20"><span class='ocrx_word' id='word_1_155' title='bbox 157 2245 284 2307; x_wconf 89' lang='lat' dir='ltr'>Boeotia</span> <span class='ocrx_word' id='word_1_156' title='bbox 306 2254 523 2326; x_wconf 86' lang='lat' dir='ltr'>postmortem</span> <span class='ocrx_word' id='word_1_157' title='bbox 545 2245 576 2305; x_wconf 91' lang='lat' dir='ltr'>in</span> <span class='ocrx_word' id='word_1_158' title='bbox 602 2246 700 2306; x_wconf 88' lang='lat' dir='ltr'>sidera</span> <span class='ocrx_word' id='word_1_159' title='bbox 722 2246 849 2326; x_wconf 88' lang='lat' dir='ltr'>receptis</span> <span class='ocrx_word' id='word_1_160' title='bbox 870 2247 1018 2318; x_wconf 88' lang='lat' dir='ltr'>narravit,</span> <span class='ocrx_word' id='word_1_161' title='bbox 1049 2244 1134 2304; x_wconf 89' lang='lat' dir='ltr'>addit</span> <span class='ocrx_word' id='word_1_162' title='bbox 1162 2244 1310 2325; x_wconf 86' lang='lat' dir='ltr'>quaedam</span> <span class='ocrx_word' id='word_1_163' title='bbox 1388 2275 1390 2281; x_wconf 94' lang='lat'>·</span> 
     </span>
     <span class='ocr_line' id='line_1_19' title="bbox 155 2353 1311 2435; baseline -0.003 -20"><span class='ocrx_word' id='word_1_164' title='bbox 155 2355 192 2415; x_wconf 91' lang='lat' dir='ltr'>de</span> <span class='ocrx_word' id='word_1_165' title='bbox 214 2354 307 2414; x_wconf 86' lang='lat' dir='ltr'>sacris</span> <span class='ocrx_word' id='word_1_166' title='bbox 335 2355 368 2413; x_wconf 93' lang='lat' dir='ltr'>in</span> <span class='ocrx_word' id='word_1_167' title='bbox 396 2354 539 2416; x_wconf 86' lang='lat' dir='ltr'>honorem</span> <span class='ocrx_word' id='word_1_168' title='bbox 569 2375 671 2416; x_wconf 89' lang='lat' dir='ltr'>earum</span> <span class='ocrx_word' id='word_1_169' title='bbox 701 2355 895 2430; x_wconf 90' lang='lat' dir='ltr'>Orchomeni,</span> <span class='ocrx_word' id='word_1_170' title='bbox 927 2376 987 2435; x_wconf 88' lang='lat' dir='ltr'>qua</span> <span class='ocrx_word' id='word_1_171' title='bbox 1013 2355 1044 2414; x_wconf 91' lang='lat' dir='ltr'>in</span> <span class='ocrx_word' id='word_1_172' title='bbox 1074 2353 1147 2414; x_wconf 90' lang='lat' dir='ltr'>urbe</span> <span class='ocrx_word' id='word_1_173' title='bbox 1169 2353 1311 2414; x_wconf 88' lang='lat' dir='ltr'>Orionem</span> 
     </span>
     <span class='ocr_line' id='line_1_20' title="bbox 155 2458 1312 2541; baseline 0.001 -20"><span class='ocrx_word' id='word_1_174' title='bbox 155 2459 268 2521; x_wconf 86' lang='lat' dir='ltr'>vixisse</span> <span class='ocrx_word' id='word_1_175' title='bbox 291 2458 365 2519; x_wconf 86' lang='lat' dir='ltr'>alibi</span> <span class='ocrx_word' id='word_1_176' title='bbox 386 2481 448 2520; x_wconf 92' lang='lat' dir='ltr'>ncn</span> <span class='ocrx_word' id='word_1_177' title='bbox 470 2463 616 2522; x_wconf 87' lang='lat' dir='ltr'>traditum</span> <span class='ocrx_word' id='word_1_178' title='bbox 639 2470 697 2536; x_wconf 90' lang='lat' dir='ltr'>est,</span> <span class='ocrx_word' id='word_1_179' title='bbox 726 2463 886 2537; x_wconf 86' lang='lat' dir='ltr'>institutis,</span> <span class='ocrx_word' id='word_1_180' title='bbox 912 2462 1078 2524; x_wconf 88' lang='lat' dir='ltr'>Metioches</span> <span class='ocrx_word' id='word_1_181' title='bbox 1101 2470 1130 2522; x_wconf 90' lang='lat' dir='ltr'>et</span> <span class='ocrx_word' id='word_1_182' title='bbox 1152 2461 1312 2541; x_wconf 90' lang='lat' dir='ltr'>Menippes</span> 
     </span>
     <span class='ocr_line' id='line_1_21' title="bbox 157 2565 1313 2649; baseline 0.001 -23"><span class='ocrx_word' id='word_1_183' title='bbox 157 2574 284 2626; x_wconf 90' lang='lat' dir='ltr'>mortem</span> <span class='ocrx_word' id='word_1_184' title='bbox 305 2565 510 2628; x_wconf 87' lang='lat' dir='ltr'>voluntariam</span> <span class='ocrx_word' id='word_1_185' title='bbox 533 2570 630 2649; x_wconf 90' lang='lat' dir='ltr'>primo</span> <span class='ocrx_word' id='word_1_186' title='bbox 654 2569 835 2632; x_wconf 89' lang='lat' dir='ltr'>Orchomeni</span> <span class='ocrx_word' id='word_1_187' title='bbox 860 2591 992 2631; x_wconf 90' lang='lat' dir='ltr'>seorsum</span> <span class='ocrx_word' id='word_1_188' title='bbox 1015 2569 1197 2631; x_wconf 88' lang='lat' dir='ltr'>celebratam</span> <span class='ocrx_word' id='word_1_189' title='bbox 1219 2568 1313 2628; x_wconf 83' lang='lat' dir='ltr'>fuisse</span> 
     </span>
     <span class='ocr_line' id='line_1_22' title="bbox 158 2672 1311 2778; baseline 0.002 -45"><span class='ocrx_word' id='word_1_190' title='bbox 158 2672 276 2753; x_wconf 88' lang='lat' dir='ltr'>colligo,</span> <span class='ocrx_word' id='word_1_191' title='bbox 299 2674 516 2754; x_wconf 86' lang='lat' dir='ltr'>posterioribus</span> <span class='ocrx_word' id='word_1_192' title='bbox 538 2676 646 2737; x_wconf 88' lang='lat' dir='ltr'>deinde</span> <span class='ocrx_word' id='word_1_193' title='bbox 668 2677 860 2756; x_wconf 86' lang='lat' dir='ltr'>temporibus,</span> <span class='ocrx_word' id='word_1_194' title='bbox 882 2677 1011 2739; x_wconf 86' lang='lat' dir='ltr'>fortasse</span> <span class='ocrx_word' id='word_1_195' title='bbox 1032 2699 1051 2738; x_wconf 89' lang='lat' dir='ltr'>a</span> <span class='ocrx_word' id='word_1_196' title='bbox 1071 2676 1212 2778; x_wconf 58' lang='lat' dir='ltr'>Ominna,</span> <span class='ocrx_word' id='word_1_197' title='bbox 1234 2695 1311 2755; x_wconf 88' lang='lat' dir='ltr'>quae</span> 
     </span>
     <span class='ocr_line' id='line_1_23' title="bbox 158 2780 1310 2871; baseline -0.001 -27"><span class='ocrx_word' id='word_1_198' title='bbox 158 2782 270 2844; x_wconf 88' lang='lat' dir='ltr'>Orione</span> <span class='ocrx_word' id='word_1_199' title='bbox 291 2780 434 2844; x_wconf 90' lang='lat' dir='ltr'>laudibus</span> <span class='ocrx_word' id='word_1_200' title='bbox 457 2783 605 2871; x_wconf 73' lang='lat' dir='ltr'>efferendo</span> <span class='ocrx_word' id='word_1_201' title='bbox 630 2785 828 2846; x_wconf 88' lang='lat' dir='ltr'>delectaretur</span> <span class='ocrx_word' id='word_1_202' title='bbox 850 2782 963 2862; x_wconf 81' lang='lat' dir='ltr'>(Schol.</span> <span class='ocrx_word' id='word_1_203' title='bbox 983 2787 1051 2847; x_wconf 89' lang='lat' dir='ltr'>Nic.</span> <span class='ocrx_word' id='word_1_204' title='bbox 1073 2785 1160 2846; x_wconf 88' lang='lat' dir='ltr'>Ther.</span> <span class='ocrx_word' id='word_1_205' title='bbox 1185 2783 1236 2861; x_wconf 83' lang='lat'>15)</span> <span class='ocrx_word' id='word_1_206' title='bbox 1260 2804 1310 2844; x_wconf 90' lang='lat' dir='ltr'>eas</span> 
     </span>
     <span class='ocr_line' id='line_1_24' title="bbox 157 2887 1309 2960; baseline 0.001 -9"><span class='ocrx_word' id='word_1_207' title='bbox 157 2890 279 2952; x_wconf 88' lang='lat' dir='ltr'>Orionis</span> <span class='ocrx_word' id='word_1_208' title='bbox 301 2890 380 2950; x_wconf 89' lang='lat' dir='ltr'>filias</span> <span class='ocrx_word' id='word_1_209' title='bbox 401 2887 499 2952; x_wconf 85' lang='lat' dir='ltr'>factas</span> <span class='ocrx_word' id='word_1_210' title='bbox 522 2901 552 2953; x_wconf 91' lang='lat' dir='ltr'>et</span> <span class='ocrx_word' id='word_1_211' title='bbox 572 2893 652 2954; x_wconf 91' lang='lat' dir='ltr'>hanc</span> <span class='ocrx_word' id='word_1_212' title='bbox 674 2893 713 2955; x_wconf 91' lang='lat' dir='ltr'>ob</span> <span class='ocrx_word' id='word_1_213' title='bbox 736 2914 859 2956; x_wconf 88' lang='lat' dir='ltr'>causam</span> <span class='ocrx_word' id='word_1_214' title='bbox 881 2895 912 2954; x_wconf 90' lang='lat' dir='ltr'>in</span> <span class='ocrx_word' id='word_1_215' title='bbox 930 2895 1028 2956; x_wconf 90' lang='lat' dir='ltr'>sidera</span> <span class='ocrx_word' id='word_1_216' title='bbox 1049 2893 1213 2960; x_wconf 87' lang='lat' dir='ltr'>translatas</span> <span class='ocrx_word' id='word_1_217' title='bbox 1236 2913 1309 2952; x_wconf 78' lang='lat' dir='ltr'>esse,</span> 
     </span>
     <span class='ocr_line' id='line_1_25' title="bbox 154 2995 1309 3083; baseline -0.001 -23"><span class='ocrx_word' id='word_1_218' title='bbox 154 3000 298 3060; x_wconf 87' lang='lat' dir='ltr'>Fortasse</span> <span class='ocrx_word' id='word_1_219' title='bbox 323 3007 403 3060; x_wconf 87' lang='lat' dir='ltr'>recte</span> <span class='ocrx_word' id='word_1_220' title='bbox 429 2999 465 3061; x_wconf 94' lang='lat' dir='ltr'>O.</span> <span class='ocrx_word' id='word_1_221' title='bbox 494 3000 660 3062; x_wconf 88' lang='lat' dir='ltr'>Muellerus</span> <span class='ocrx_word' id='word_1_222' title='bbox 688 2997 721 3082; x_wconf 85' lang='lat'>(1.</span> <span class='ocrx_word' id='word_1_223' title='bbox 735 2995 766 3064; x_wconf 85' lang='lat' dir='ltr'>l.</span> <span class='ocrx_word' id='word_1_224' title='bbox 793 3025 822 3083; x_wconf 95' lang='lat' dir='ltr'>p.</span> <span class='ocrx_word' id='word_1_225' title='bbox 850 3001 924 3078; x_wconf 80' lang='lat'>27),</span> <span class='ocrx_word' id='word_1_226' title='bbox 955 3023 989 3063; x_wconf 91' lang='lat' dir='ltr'>ec</span> <span class='ocrx_word' id='word_1_227' title='bbox 1018 2997 1151 3081; x_wconf 85' lang='lat' dir='ltr'>tempore</span> <span class='ocrx_word' id='word_1_228' title='bbox 1180 3007 1309 3061; x_wconf 88' lang='lat' dir='ltr'>cometas</span> 
     </span>
     <span class='ocr_line' id='line_1_26' title="bbox 155 3107 1310 3188; baseline 0.003 -22"><span class='ocrx_word' id='word_1_229' title='bbox 155 3127 252 3188; x_wconf 89' lang='lat' dir='ltr'>prope</span> <span class='ocrx_word' id='word_1_230' title='bbox 275 3107 419 3168; x_wconf 89' lang='lat' dir='ltr'>Orionem</span> <span class='ocrx_word' id='word_1_231' title='bbox 445 3108 527 3169; x_wconf 88' lang='lat' dir='ltr'>visos</span> <span class='ocrx_word' id='word_1_232' title='bbox 553 3108 656 3170; x_wconf 86' lang='lat' dir='ltr'>fuisse.</span> <span class='ocrx_word' id='word_1_233' title='bbox 701 3109 789 3186; x_wconf 72' lang='lat' dir='ltr'>Quae</span> <span class='ocrx_word' id='word_1_234' title='bbox 815 3111 839 3169; x_wconf 90' lang='lat' dir='ltr'>si</span> <span class='ocrx_word' id='word_1_235' title='bbox 862 3118 941 3170; x_wconf 89' lang='lat' dir='ltr'>recte</span> <span class='ocrx_word' id='word_1_236' title='bbox 963 3109 1087 3183; x_wconf 90' lang='lat' dir='ltr'>conieci,</span> <span class='ocrx_word' id='word_1_237' title='bbox 1117 3109 1251 3171; x_wconf 89' lang='lat' dir='ltr'>narratio</span> <span class='ocrx_word' id='word_1_238' title='bbox 1273 3109 1310 3170; x_wconf 93' lang='lat' dir='ltr'>de</span> 
     </span>
     <span class='ocr_line' id='line_1_27' title="bbox 158 3210 1311 3306; baseline 0.003 -34"><span class='ocrx_word' id='word_1_239' title='bbox 158 3210 318 3274; x_wconf 88' lang='lat' dir='ltr'>iuvenibus</span> <span class='ocrx_word' id='word_1_240' title='bbox 342 3214 467 3276; x_wconf 83' lang='lat' dir='ltr'>Coronis</span> <span class='ocrx_word' id='word_1_241' title='bbox 488 3236 525 3275; x_wconf 87' lang='lat' dir='ltr'>ex</span> <span class='ocrx_word' id='word_1_242' title='bbox 547 3215 645 3276; x_wconf 89' lang='lat' dir='ltr'>cinere</span> <span class='ocrx_word' id='word_1_243' title='bbox 667 3217 739 3278; x_wconf 92' lang='lat' dir='ltr'>ortis</span> <span class='ocrx_word' id='word_1_244' title='bbox 761 3218 799 3277; x_wconf 88' lang='lat' dir='ltr'>ad</span> <span class='ocrx_word' id='word_1_245' title='bbox 823 3218 1020 3298; x_wconf 90' lang='lat' dir='ltr'>antiquiorem</span> <span class='ocrx_word' id='word_1_246' title='bbox 1039 3217 1163 3306; x_wconf 84' lang='lat' dir='ltr'>fabulae</span> <span class='ocrx_word' id='word_1_247' title='bbox 1181 3218 1311 3278; x_wconf 90' lang='lat' dir='ltr'>formam</span> 
     </span>
     <span class='ocr_line' id='line_1_28' title="bbox 157 3320 1309 3402; baseline 0.004 -20"><span class='ocrx_word' id='word_1_248' title='bbox 157 3320 221 3382; x_wconf 87' lang='lat' dir='ltr'>sine</span> <span class='ocrx_word' id='word_1_249' title='bbox 236 3321 328 3382; x_wconf 92' lang='lat' dir='ltr'>dubio</span> <span class='ocrx_word' id='word_1_250' title='bbox 351 3323 488 3402; x_wconf 89' lang='lat' dir='ltr'>pertinet.</span> <span class='ocrx_word' id='word_1_251' title='bbox 533 3323 662 3385; x_wconf 90' lang='lat' dir='ltr'>Ovidius</span> <span class='ocrx_word' id='word_1_252' title='bbox 686 3333 784 3386; x_wconf 88' lang='lat' dir='ltr'>autem</span> <span class='ocrx_word' id='word_1_253' title='bbox 809 3347 877 3386; x_wconf 92' lang='lat' dir='ltr'>cum</span> <span class='ocrx_word' id='word_1_254' title='bbox 899 3326 1037 3387; x_wconf 86' lang='lat' dir='ltr'>fabulam</span> <span class='ocrx_word' id='word_1_255' title='bbox 1056 3326 1088 3385; x_wconf 90' lang='lat' dir='ltr'>in</span> <span class='ocrx_word' id='word_1_256' title='bbox 1110 3336 1223 3387; x_wconf 88' lang='lat' dir='ltr'>cratere</span> <span class='ocrx_word' id='word_1_257' title='bbox 1246 3347 1309 3387; x_wconf 89' lang='lat' dir='ltr'>cae-</span> 
     </span>
     <span class='ocr_line' id='line_1_29' title="bbox 157 3417 1310 3514; baseline 0.003 -26"><span class='ocrx_word' id='word_1_258' title='bbox 157 3427 252 3488; x_wconf 87' lang='lat' dir='ltr'>latam</span> <span class='ocrx_word' id='word_1_259' title='bbox 274 3417 406 3508; x_wconf 83' lang='lat' dir='ltr'>fingeret,</span> <span class='ocrx_word' id='word_1_260' title='bbox 431 3430 627 3492; x_wconf 89' lang='lat' dir='ltr'>mutationem</span> <span class='ocrx_word' id='word_1_261' title='bbox 649 3432 681 3491; x_wconf 92' lang='lat' dir='ltr'>in</span> <span class='ocrx_word' id='word_1_262' title='bbox 705 3431 817 3507; x_wconf 86' lang='lat' dir='ltr'>stellas,</span> <span class='ocrx_word' id='word_1_263' title='bbox 841 3455 931 3514; x_wconf 88' lang='lat' dir='ltr'>quam</span> <span class='ocrx_word' id='word_1_264' title='bbox 950 3433 1103 3494; x_wconf 85' lang='lat' dir='ltr'>Nicander</span> <span class='ocrx_word' id='word_1_265' title='bbox 1124 3433 1256 3512; x_wconf 87' lang='lat' dir='ltr'>praebet,</span> <span class='ocrx_word' id='word_1_266' title='bbox 1278 3433 1310 3492; x_wconf 91' lang='lat' dir='ltr'>in</span> 
     </span>
     <span class='ocr_line' id='line_1_30' title="bbox 156 3539 1308 3620; baseline 0.003 -24"><span class='ocrx_word' id='word_1_267' title='bbox 156 3556 245 3596; x_wconf 88' lang='lat' dir='ltr'>usum</span> <span class='ocrx_word' id='word_1_268' title='bbox 261 3555 351 3596; x_wconf 91' lang='lat' dir='ltr'>suum</span> <span class='ocrx_word' id='word_1_269' title='bbox 365 3547 535 3612; x_wconf 85' lang='lat' dir='ltr'>convertere</span> <span class='ocrx_word' id='word_1_270' title='bbox 548 3560 608 3599; x_wconf 89' lang='lat' dir='ltr'>non</span> <span class='ocrx_word' id='word_1_271' title='bbox 623 3539 723 3620; x_wconf 91' lang='lat' dir='ltr'>potuit</span> <span class='ocrx_word' id='word_1_272' title='bbox 737 3549 767 3601; x_wconf 89' lang='lat' dir='ltr'>et</span> <span class='ocrx_word' id='word_1_273' title='bbox 787 3541 825 3601; x_wconf 91' lang='lat' dir='ltr'>ob</span> <span class='ocrx_word' id='word_1_274' title='bbox 845 3541 876 3600; x_wconf 93' lang='lat' dir='ltr'>id</span> <span class='ocrx_word' id='word_1_275' title='bbox 901 3540 1026 3603; x_wconf 83' lang='lat' dir='ltr'>alteram</span> <span class='ocrx_word' id='word_1_276' title='bbox 1043 3541 1172 3602; x_wconf 85' lang='lat' dir='ltr'>formam</span> <span class='ocrx_word' id='word_1_277' title='bbox 1189 3548 1308 3601; x_wconf 87' lang='lat' dir='ltr'>secutus</span> 
     </span>
     <span class='ocr_line' id='line_1_31' title="bbox 155 3644 1310 3729; baseline 0.003 -23"><span class='ocrx_word' id='word_1_278' title='bbox 155 3653 210 3706; x_wconf 87' lang='lat' dir='ltr'>est.</span> <span class='ocrx_word' id='word_1_279' title='bbox 255 3644 393 3706; x_wconf 86' lang='lat' dir='ltr'>Eandem</span> <span class='ocrx_word' id='word_1_280' title='bbox 417 3645 455 3707; x_wconf 92' lang='lat' dir='ltr'>ob</span> <span class='ocrx_word' id='word_1_281' title='bbox 479 3667 601 3708; x_wconf 87' lang='lat' dir='ltr'>causam</span> <span class='ocrx_word' id='word_1_282' title='bbox 623 3649 704 3729; x_wconf 89' lang='lat' dir='ltr'>apud</span> <span class='ocrx_word' id='word_1_283' title='bbox 727 3670 794 3710; x_wconf 91' lang='lat' dir='ltr'>eum</span> <span class='ocrx_word' id='word_1_284' title='bbox 815 3659 845 3711; x_wconf 92' lang='lat' dir='ltr'>et</span> <span class='ocrx_word' id='word_1_285' title='bbox 867 3649 978 3710; x_wconf 86' lang='lat' dir='ltr'>Thebis</span> <span class='ocrx_word' id='word_1_286' title='bbox 1005 3671 1050 3710; x_wconf 91' lang='lat' dir='ltr'>res</span> <span class='ocrx_word' id='word_1_287' title='bbox 1077 3649 1203 3729; x_wconf 85' lang='lat' dir='ltr'>geritur,</span> <span class='ocrx_word' id='word_1_288' title='bbox 1232 3669 1310 3728; x_wconf 90' lang='lat' dir='ltr'>quae</span> 
     </span>
     <span class='ocr_line' id='line_1_32' title="bbox 155 3753 1312 3846; baseline 0.004 -33"><span class='ocrx_word' id='word_1_289' title='bbox 155 3753 227 3814; x_wconf 88' lang='lat' dir='ltr'>urbs</span> <span class='ocrx_word' id='word_1_290' title='bbox 244 3761 401 3832; x_wconf 87' lang='lat' dir='ltr'>portarum</span> <span class='ocrx_word' id='word_1_291' title='bbox 420 3775 544 3816; x_wconf 90' lang='lat' dir='ltr'>numero</span> <span class='ocrx_word' id='word_1_292' title='bbox 560 3765 764 3835; x_wconf 80' lang='lat' dir='ltr'>cognoscatur,</span> <span class='ocrx_word' id='word_1_293' title='bbox 788 3765 818 3818; x_wconf 90' lang='lat' dir='ltr'>et</span> <span class='ocrx_word' id='word_1_294' title='bbox 837 3757 956 3846; x_wconf 87' lang='lat' dir='ltr'>diverso</span> <span class='ocrx_word' id='word_1_295' title='bbox 976 3757 1064 3818; x_wconf 92' lang='lat' dir='ltr'>modo</span> <span class='ocrx_word' id='word_1_296' title='bbox 1080 3765 1208 3838; x_wconf 88' lang='lat' dir='ltr'>utraque</span> <span class='ocrx_word' id='word_1_297' title='bbox 1228 3778 1312 3820; x_wconf 88' lang='lat' dir='ltr'>soror</span> 
     </span>
     <span class='ocr_line' id='line_1_33' title="bbox 155 3861 1311 3946; baseline 0.003 -22"><span class='ocrx_word' id='word_1_298' title='bbox 155 3863 251 3925; x_wconf 87' lang='lat' dir='ltr'>vitam</span> <span class='ocrx_word' id='word_1_299' title='bbox 270 3861 346 3924; x_wconf 90' lang='lat' dir='ltr'>finit.</span> <span class='ocrx_word' id='word_1_300' title='bbox 391 3861 473 3922; x_wconf 91' lang='lat' dir='ltr'>Num</span> <span class='ocrx_word' id='word_1_301' title='bbox 496 3872 603 3944; x_wconf 90' lang='lat' dir='ltr'>poetae</span> <span class='ocrx_word' id='word_1_302' title='bbox 618 3885 650 3925; x_wconf 90' lang='lat' dir='ltr'>re</span> <span class='ocrx_word' id='word_1_303' title='bbox 671 3886 744 3927; x_wconf 89' lang='lat' dir='ltr'>vera</span> <span class='ocrx_word' id='word_1_304' title='bbox 765 3867 865 3946; x_wconf 86' lang='lat' dir='ltr'>imago</span> <span class='ocrx_word' id='word_1_305' title='bbox 880 3864 928 3928; x_wconf 88' lang='lat' dir='ltr'>vel</span> <span class='ocrx_word' id='word_1_306' title='bbox 948 3865 1065 3928; x_wconf 90' lang='lat' dir='ltr'>caelata</span> <span class='ocrx_word' id='word_1_307' title='bbox 1085 3866 1135 3927; x_wconf 88' lang='lat' dir='ltr'>vel</span> <span class='ocrx_word' id='word_1_308' title='bbox 1157 3866 1240 3945; x_wconf 91' lang='lat' dir='ltr'>picta</span> <span class='ocrx_word' id='word_1_309' title='bbox 1261 3866 1311 3927; x_wconf 94' lang='lat' dir='ltr'>ob·</span> 
     </span>
     <span class='ocr_line' id='line_1_34' title="bbox 156 3970 1310 4056; baseline 0.002 -22"><span class='ocrx_word' id='word_1_310' title='bbox 156 3980 277 4034; x_wconf 87' lang='lat' dir='ltr'>versata</span> <span class='ocrx_word' id='word_1_311' title='bbox 293 3970 340 4045; x_wconf 90' lang='lat' dir='ltr'>sit,</span> <span class='ocrx_word' id='word_1_312' title='bbox 364 3970 497 4032; x_wconf 89' lang='lat' dir='ltr'>iudicare</span> <span class='ocrx_word' id='word_1_313' title='bbox 519 3971 598 4047; x_wconf 89' lang='lat' dir='ltr'>nolo,</span> <span class='ocrx_word' id='word_1_314' title='bbox 622 3973 672 4035; x_wconf 89' lang='lat' dir='ltr'>sed</span> <span class='ocrx_word' id='word_1_315' title='bbox 692 3983 813 4055; x_wconf 88' lang='lat' dir='ltr'>propter</span> <span class='ocrx_word' id='word_1_316' title='bbox 834 3973 1067 4056; x_wconf 90' lang='lat' dir='ltr'>discrepantiam</span> <span class='ocrx_word' id='word_1_317' title='bbox 1089 3981 1222 4034; x_wconf 88' lang='lat' dir='ltr'>extremo</span> <span class='ocrx_word' id='word_1_318' title='bbox 1245 3975 1310 4036; x_wconf 92' lang='lat' dir='ltr'>loco</span> 
     </span>
     <span class='ocr_line' id='line_1_35' title="bbox 157 4079 1311 4164; baseline 0.003 -23"><span class='ocrx_word' id='word_1_319' title='bbox 157 4087 421 4141; x_wconf 89' lang='lat' dir='ltr'>commemoratam</span> <span class='ocrx_word' id='word_1_320' title='bbox 445 4079 508 4142; x_wconf 89' lang='lat' dir='ltr'>veri</span> <span class='ocrx_word' id='word_1_321' title='bbox 529 4081 674 4164; x_wconf 82' lang='lat' dir='ltr'>dissimile</span> <span class='ocrx_word' id='word_1_322' title='bbox 687 4091 747 4146; x_wconf 83' lang='lat' dir='ltr'>non</span> <span class='ocrx_word' id='word_1_323' title='bbox 769 4091 821 4144; x_wconf 89' lang='lat' dir='ltr'>est.</span> <span class='ocrx_word' id='word_1_324' title='bbox 864 4081 960 4144; x_wconf 83' lang='lat' dir='ltr'>Series</span> <span class='ocrx_word' id='word_1_325' title='bbox 982 4091 1047 4144; x_wconf 92' lang='lat' dir='ltr'>tum</span> <span class='ocrx_word' id='word_1_326' title='bbox 1068 4082 1129 4143; x_wconf 85' lang='lat' dir='ltr'>fuit</span> <span class='ocrx_word' id='word_1_327' title='bbox 1147 4083 1240 4144; x_wconf 92' lang='lat' dir='ltr'>trium</span> <span class='ocrx_word' id='word_1_328' title='bbox 1262 4085 1311 4145; x_wconf 88' lang='lat' dir='ltr'>vel</span> 
     </span>
     <span class='ocr_line' id='line_1_36' title="bbox 157 4188 482 4270; baseline 0.006 -21"><span class='ocrx_word' id='word_1_329' title='bbox 157 4196 286 4268; x_wconf 88' lang='lat' dir='ltr'>quatuor</span> <span class='ocrx_word' id='word_1_330' title='bbox 303 4188 482 4270; x_wconf 90' lang='lat' dir='ltr'>imaginum.</span> 
     </span>
    </p>

    <p class='ocr_par' dir='ltr' id='par_1_4' title="bbox 159 4295 1313 4490">
     <span class='ocr_line' id='line_1_37' title="bbox 258 4295 1312 4378; baseline 0.005 -22"><span class='ocrx_word' id='word_1_331' title='bbox 258 4295 366 4357; x_wconf 83' lang='lat' dir='ltr'>Restat</span> <span class='ocrx_word' id='word_1_332' title='bbox 394 4305 428 4358; x_wconf 91' lang='lat' dir='ltr'>ut</span> <span class='ocrx_word' id='word_1_333' title='bbox 454 4298 605 4377; x_wconf 85' lang='lat' dir='ltr'>proferam</span> <span class='ocrx_word' id='word_1_334' title='bbox 638 4298 711 4378; x_wconf 90' lang='lat' dir='ltr'>quid</span> <span class='ocrx_word' id='word_1_335' title='bbox 738 4299 774 4360; x_wconf 90' lang='lat' dir='ltr'>de</span> <span class='ocrx_word' id='word_1_336' title='bbox 797 4298 935 4378; x_wconf 85' lang='lat' dir='ltr'>Oragalei</span> <span class='ocrx_word' id='word_1_337' title='bbox 963 4299 994 4359; x_wconf 90' lang='lat' dir='ltr'>in</span> <span class='ocrx_word' id='word_1_338' title='bbox 1018 4319 1124 4360; x_wconf 83' lang='lat' dir='ltr'>saxum</span> <span class='ocrx_word' id='word_1_339' title='bbox 1146 4300 1312 4361; x_wconf 86' lang='lat' dir='ltr'>mutatione</span> 
     </span>
     <span class='ocr_line' id='line_1_38' title="bbox 159 4403 1313 4490; baseline 0.007 -28"><span class='ocrx_word' id='word_1_340' title='bbox 159 4403 296 4478; x_wconf 89' lang='lat' dir='ltr'>iudicem,</span> <span class='ocrx_word' id='word_1_341' title='bbox 321 4425 398 4485; x_wconf 91' lang='lat' dir='ltr'>quae</span> <span class='ocrx_word' id='word_1_342' title='bbox 421 4427 440 4466; x_wconf 92' lang='lat' dir='ltr'>a</span> <span class='ocrx_word' id='word_1_343' title='bbox 461 4405 616 4469; x_wconf 88' lang='lat' dir='ltr'>Nicandro</span> <span class='ocrx_word' id='word_1_344' title='bbox 639 4407 668 4465; x_wconf 91' lang='lat' dir='ltr'>in</span> <span class='ocrx_word' id='word_1_345' title='bbox 693 4406 789 4488; x_wconf 91' lang='lat' dir='ltr'>prime</span> <span class='ocrx_word' id='word_1_346' title='bbox 809 4406 886 4468; x_wconf 93' lang='lat' dir='ltr'>libro</span> <span class='ocrx_word' id='word_1_347' title='bbox 908 4417 1048 4472; x_wconf 86' lang='lat' dir='ltr'>narratur</span> <span class='ocrx_word' id='word_1_348' title='bbox 1070 4408 1157 4487; x_wconf 88' lang='lat' dir='ltr'>(Ant.</span> <span class='ocrx_word' id='word_1_349' title='bbox 1180 4405 1250 4490; x_wconf 81' lang='lat' dir='ltr'>IV),</span> <span class='ocrx_word' id='word_1_350' title='bbox 1274 4409 1313 4470; x_wconf 92' lang='lat' dir='ltr'>ab</span> 
     </span>
    </p>
   </div>
   <div class='ocr_carea' id='block_1_3' title="bbox 0 0 1564 4988">
    <p class='ocr_par' dir='ltr' id='par_1_5' title="bbox 0 0 1564 4988">
     <span class='ocr_line' id='line_1_39' title="bbox 0 0 1564 4988; baseline 0 0"><span class='ocrx_word' id='word_1_351' title='bbox 0 0 1564 4988; x_wconf 95' lang='lat' dir='ltr'> </span> 
     </span>
    </p>
   </div>
  </div>
 </body>
</html>
