3106 4988
588 367 836 426 ,..7..

166 535 336 598 rai-215
353 537 553 612 continentur,
576 545 607 598 et
627 558 737 618 preces,
760 547 795 600 ut
815 559 923 618 corpus
945 538 1039 617 gratis
1062 537 1151 598 matri
1171 537 1324 601 reddatur.

164 645 276 726 Populi
289 654 319 710 et
330 646 425 728 ipsius
436 645 629 726 Neoptolemi
639 646 773 707 dolorem
782 645 882 706 minus
901 645 991 725 digne
1003 645 1140 709 versibus
1152 644 1303 707 474-47
1305 644 1324 706 6
1376 695 1378 698 .

164 753 326 829 describit,
357 775 450 835 quam
482 753 644 834 Euripides
677 753 815 817 versibus
848 752 1036 814 ccc-567
1068 762 1098 814 et
1125 752 1323 815 571-580.

164 861 274 942 Neque
295 863 374 924 enirn
396 863 460 924 ullo
482 861 572 923 modo
596 861 724 925 Ovidius
750 862 985 924 moderationem
1009 860 1150 923 adhibere
1171 871 1272 943 potest
1293 863 1325 924 in

167 969 341 1044 affectibus,
372 970 422 1032 vel
448 979 483 1031 ut
504 969 629 1031 Graecis
652 969 789 1031 terminis
816 977 893 1043 utar,
917 969 1029 1049 optime
1050 957 1172 1044 πάθος,
1202 969 1325 1031 minime

166 1059 249 1156 ἦθος
280 1077 447 1140 describere
478 1079 551 1152 scit,
584 1087 614 1139 et
641 1076 754 1158 ubique
789 1077 914 1162 affectus
943 1097 1035 1157 quam
1065 1077 1325 1140 vehementissime

167 1203 276 1264 augere
312 1193 403 1266 atque
441 1185 626 1266 amplificare
666 1186 775 1247 studet.
835 1185 952 1248 Eadem
991 1185 1103 1264 ingenii
1143 1186 1326 1266 proprietate

166 1291 273 1353 ductus
300 1293 430 1357 Ovidius
461 1303 623 1374 postquam
654 1293 737 1354 chori
767 1293 914 1354 stasimon
946 1293 1110 1353 secundum
1141 1303 1172 1355 et
1204 1294 1324 1355 tertium

88 1449 90 1452 .
165 1400 261 1462 obiter
282 1409 313 1464 et
335 1422 374 1464 ex
392 1401 537 1462 memoria
558 1409 678 1462 tantum
697 1401 834 1464 versibus
850 1399 1022 1461 481-487
1039 1401 1178 1476 reddidit,
1201 1401 1232 1460 in
1256 1393 1325 1481 que·

163 1508 234 1570 relis
263 1508 412 1570 Hecubae
438 1508 644 1570 describendis
673 1508 766 1588 plane
796 1529 868 1568 suus
899 1515 945 1569 est
971 1528 1068 1588 neque
1095 1507 1260 1588 quidquam
1288 1529 1326 1569 ex

164 1616 312 1697 Euripide
343 1625 510 1678 mutuatur.
559 1617 682 1678 Etenim
713 1617 795 1696 apud
825 1616 1003 1697 Euripidem
1034 1617 1139 1696 regina
1171 1637 1238 1678 cum
1267 1615 1326 1697 pri-
1432 1701 1438 1707 ι

165 1745 249 1784 mmn
272 1724 414 1785 nuntium
439 1723 626 1784 fortitudinis
644 1724 901 1804 ingenuitatisque
922 1724 1004 1785 filiae
1024 1723 1180 1785 morientis
1203 1724 1326 1804 accepit,

166 1831 319 1892 constanti
341 1830 441 1892 animo
464 1830 646 1906 consolatur,
670 1831 800 1895 Ovidius
821 1833 944 1912 ingenio
967 1831 1127 1910 indulgens
1149 1832 1227 1892 mira
1240 1853 1327 1912 saga·

166 1939 257 1999 citate
278 1948 313 2000 ut
335 1940 411 2000 solet
431 1940 533 2000 omnia
555 1939 690 2020 indagat,
721 1941 831 2020 quibus
856 1961 920 2002 sors
943 1940 1093 2002 Hecubae
1114 1960 1206 2019 quam
1228 1940 1326 2001 infeli·

165 2047 288 2108 cissima
308 2047 406 2128 possit
436 2031 531 2110 uideri
560 2047 719 2129 luctusque
751 2049 861 2128 augeri.
906 2049 1011 2129 Atque
1037 2048 1142 2110 eadem
1169 2047 1207 2108 de
1233 2069 1325 2109 causa

164 2165 261 2218 mater
290 2177 398 2237 corpus
425 2157 506 2219 filiae
535 2177 637 2218 coram
662 2157 863 2238 amplectitur,
892 2177 982 2237 porro
1004 2177 1035 2218 se
1057 2156 1134 2216 nihil
1156 2157 1215 2217 nisi
1237 2157 1324 2218 fletus

164 2273 194 2328 et
220 2286 326 2328 arenas
357 2266 469 2327 habere
500 2265 650 2346 queritur,
679 2265 789 2345 quibus
818 2265 927 2326 funera
957 2272 1049 2326 ornet.
1097 2264 1165 2344 Age
1191 2285 1261 2328 vero
1286 2265 1325 2326 ad

165 2375 306 2435 affectum
323 2375 494 2456 augendum
513 2373 643 2437 Ovidius
654 2373 818 2434 Hecubam
835 2393 924 2435 versu
947 2371 1011 2434 530
1032 2373 1096 2436 vita
1118 2382 1148 2434 et
1170 2374 1324 2454 opePoly-

165 2482 230 2543 dori
245 2483 333 2543 lisam
351 2482 493 2544 continuo
507 2503 597 2544 versu
616 2479 678 2542 536
695 2481 793 2561 ipsam
815 2501 922 2561 corpus
945 2479 1000 2540 filii
1022 2481 1224 2543 invenientem
1241 2482 1324 2544 facit.

166 2589 234 2648 Iam
262 2589 344 2668 apud
372 2588 550 2668 Euripidem
583 2589 738 2651 conversio
769 2609 847 2670 quae
869 2588 984 2651 Graece
1006 2589 1116 2650 dicitur
1137 2586 1325 2669 περιπέτεια

166 2696 275 2757 mentis
289 2696 439 2758 Hecubae
457 2696 508 2770 fit;
530 2716 628 2777 neque
648 2705 748 2757 tamen
771 2706 892 2777 repente
915 2697 1014 2758 luctus
1037 2705 1067 2758 et
1088 2692 1228 2778 querelae
1248 2698 1324 2761 desi·

164 2813 250 2887 nunt,
275 2805 328 2866 sed
345 2805 496 2885 paulatim
518 2804 551 2865 in
573 2805 650 2864 iram
672 2813 702 2866 et
723 2805 887 2866 ulciscendi
910 2805 964 2866 filii
987 2805 1182 2886 cupiditatem
1203 2829 1234 2868 se
1255 2829 1323 2874 con·

163 2921 294 2978 vertunt.
329 2915 444 2978 Contra
467 2914 549 2994 apud
572 2913 717 2977 Ovidium
729 2914 835 2994 regina
849 2914 902 2975 ubi
915 2914 1046 2994 primum
1062 2915 1158 2976 filium
1171 2923 1322 2978 mortuum

165 3024 329 3104 conspexit,
355 3023 549 3104 querimoniis
572 3022 672 3084 missis
684 3021 808 3098 „ulcisci
830 3021 938 3082 statuit
951 3043 1126 3102 poenaeque
1140 3024 1172 3083 in
1193 3023 1322 3102 imagine

164 3139 229 3192 tota
258 3133 321 3192 est“
344 3153 441 3211 neque
464 3130 571 3194 leviter
592 3130 675 3192 furit.
719 3130 798 3190 Tum
820 3129 965 3208 neglectis
996 3129 1100 3191 ceteris
1123 3140 1212 3209 poeta
1234 3132 1322 3193 Euri·

167 3239 267 3318 pidem
286 3261 411 3320 sequens
423 3240 637 3322 Polymestoris
655 3261 784 3321 poenam
797 3239 929 3303 breviter
949 3248 1062 3313 narrat,
1084 3240 1321 3304 omissatantum

166 3345 327 3408 liberorum
347 3369 427 3410 nece.
1240 3407 1242 3416 .

269 3457 373 3536 Ipsam
401 3456 529 3537 denique
546 3456 749 3518 mutationem
772 3475 809 3516 ex
828 3455 948 3517 diverso
970 3453 1054 3516 fonte
1076 3455 1205 3519 Ovidius
1229 3458 1322 3533 addit,

164 3565 218 3644 qui
241 3564 386 3644 aptiorem
410 3565 438 3626 ei
461 3564 498 3626 ad
522 3565 707 3626 narrandum
730 3564 858 3624 formam
880 3563 1033 3644 praebuit,
1057 3565 1252 3644 nequeenim
1279 3567 1322 3646 ip·

163 3695 230 3736 sum
254 3672 371 3753 lapides
394 3673 424 3734 in
447 3673 615 3736 mulierem.
630 3675 779 3754 conjectos
808 3672 960 3735 invenisse
986 3693 1023 3732 ex
1051 3672 1151 3734 Schol.
1182 3674 1221 3734 ad
1247 3675 1321 3736 Eur.

164 3782 243 3843 Heo.
268 3779 351 3842 1259
371 3791 463 3862 patet.
508 3783 604 3863 Apud
626 3789 738 3844 ceteros
759 3790 813 3841 aut
835 3789 997 3861 antequam
1020 3801 1051 3841 se
1079 3781 1111 3840 in
1133 3801 1215 3842 mare
1237 3804 1322 3862 prae·

163 3889 311 3970 cipitavit,
325 3899 360 3951 ut
381 3890 463 3970 apud
485 3890 660 3970 Euripidem
683 3889 722 3966 (v.
743 3884 987 3970 inst-1265),
1011 3887 1147 3949 Servium
1161 3886 1320 3971 (adVirg.

164 3997 242 4060 Aen.
265 3998 328 4072 ΙΙΙ,
352 3996 391 4074 6),
416 4007 470 4059 aut
490 4007 560 4078 post
581 3998 638 4059 hoc
657 3997 782 4072 factum,
805 4005 840 4058 ut
862 3996 943 4076 apud
962 3996 1121 4076 Hyginum
1141 3992 1215 4076 (fab.
1237 3996 1320 4080 111),

48 4099 50 4106 ⁴
164 4106 352 4170 Nicandrum
375 4107 487 4184 (Schol.
511 4108 584 4169 Eur.
608 4107 686 4169 Hec.
706 4107 738 4181 13
759 4105 924 4168 Schneider
936 4105 1110 4167 Nicandrea
1131 4126 1161 4184 p.
1185 4104 1238 4183 67)
1258 4127 1321 4168 mu-

163 4223 254 4278 tatur.
275 4216 432 4278 Nicandro
455 4225 541 4291 certe,
564 4216 627 4279 sive
646 4215 677 4276 in
685 4207 963 4296 Ἑτεροιουμένοις
979 4215 1041 4278 sive
1054 4221 1089 4274 ut
1101 4213 1179 4274 ¹mihi
1193 4214 1321 4290 videtur,

163 4322 223 4386 alio
244 4322 310 4385 loco
334 4323 473 4384 fabulam
496 4324 642 4398 narravit,
664 4343 724 4384 non
749 4345 821 4384 usus
844 4331 890 4384 est
906 4322 1043 4396 Ovidius
1059 4341 1125 4381 cum
1143 4322 1224 4401 apud
1234 4321 1320 4386 illum

73 4467 76 4474 ·
159 4453 254 4512 prope
275 4433 398 4512 Trojarn
423 4433 576 4496 ardentem
599 4433 727 4493 mutatio
748 4433 809 4492 fiat.

1130 4541 1164 4590 1*
