3106 4988
622 332 939 395 -13-·

156 517 185 568 et
207 529 341 570 sororum
358 507 486 588 querelis
506 509 624 568 omissis
637 507 730 568 animi
746 507 871 568 affectus
887 505 1009 578 Niobes,
1030 525 1106 584 quae
1126 515 1310 583 quamquam

153 616 339 678 atrocissimo
369 614 472 676 dolore
505 615 669 686 cruciatur,
704 623 805 676 tamen
838 613 1010 694 superbiam
1043 620 1073 674 et
1100 610 1311 673 confidentiam

153 745 215 786 non
237 723 324 803 ponit
342 723 473 784 filiarum
495 744 620 785 numero
642 723 706 798 fisa,
729 723 891 803 depingere
910 721 1018 796 studet,
1041 719 1093 782 sed
1114 719 1214 780 minus
1236 717 1312 778 bene

151 833 209 894 hoc
238 831 317 893 cedit
349 832 469 912 ingenio
499 833 563 913 ejus
595 832 634 892 ad
666 831 742 894 talia
770 851 831 892 non
861 839 940 912 apto.
984 831 1032 892 De
1061 849 1122 912 qua
1143 848 1175 889 re
1199 827 1311 907 optime

152 939 331 1003 Wclokerus
353 938 393 1021 (p.
416 938 504 1017 292):

261 1047 378 1122 „Unter
399 1047 518 1124 diesem,
547 1069 580 1110 so
602 1068 674 1128 mag
692 1067 763 1108 man
792 1045 857 1108 sich
885 1067 958 1128 gem
979 1045 1107 1120 denken,
1136 1043 1245 1125 spraoh
1267 1043 1316 1104 die

158 1153 307 1216 erhabene
333 1155 432 1217 Niobe
463 1154 535 1218 lrcin
555 1156 653 1231 Wort‚
684 1155 725 1216 da
746 1154 910 1238 Sophocles
939 1154 1024 1216 nicht
1046 1153 1158 1227 soheut,
1188 1151 1316 1213 sondern

156 1281 225 1324 zum
247 1262 371 1345 Prinoip
393 1263 457 1337 hat,
488 1284 548 1326 von
570 1263 741 1345 Aeschylus
764 1285 801 1326 zu
821 1262 981 1326 entlehnen
1007 1262 1071 1323 und
1093 1281 1130 1323 zu
1159 1260 1315 1333 benutzen;

154 1370 281 1432 sondcru
304 1371 440 1446 driiclrte,
471 1372 528 1432 mit
549 1372 607 1433 den
630 1371 796 1434 erkalteten
819 1371 1005 1453 Junglingen
1035 1369 1226 1449 beschiiftigt,
1255 1387 1313 1429 nur

152 1477 246 1540 durch
263 1479 425 1542 Geberden
441 1480 499 1542 den
519 1481 664 1561 dumpfen
684 1481 825 1542 Schmerz
845 1481 897 1542 des
920 1489 1018 1542 ersten
1041 1476 1313 1557 iiberwbltigcnden

154 1587 330 1648 Eindrucks
354 1609 418 1650 aus.
462 1587 557 1649 Dann
573 1596 729 1648 ermannte
749 1587 798 1647 ihr
819 1609 877 1649 von
900 1587 968 1648 dem
983 1585 1129 1666 Ungli'rok
1146 1583 1313 1657 hedrohtes‚

153 1695 233 1757 noch
255 1695 341 1756 nicht
360 1695 560 1757 vernichtetes
582 1697 728 1758 innerstes
753 1695 865 1758 Weaen
886 1695 958 1770 sich,
985 1695 1048 1756 und
1074 1693 1117 1755 sie
1145 1692 1253 1773 sprach
1282 1691 1314 1752 in

153 1802 290 1875 Worten‚
314 1803 363 1864 die
383 1802 438 1864 wir
463 1804 548 1866 nicht
570 1825 623 1866 aus
646 1805 737 1879 ovid,
769 1825 803 1866 so
824 1803 1006 1865 meisterlich
1029 1822 1060 1864 er
1087 1802 1142 1862 das
1165 1800 1316 1862 Aeussere

156 1908 210 1971 der
231 1909 480 1991 Erscheinungen
504 1934 541 1973 zu
560 1913 701 1974 reichnen
724 1912 865 1986 versteht,
888 1912 987 1973 ahnen
1010 1933 1047 1972 zu
1068 1908 1177 1972 wollen
1196 1907 1315 1969 berech·

154 2016 213 2096 tigt
235 2015 303 2077 sind
310 2036 317 2089 ;
341 2017 421 2078 denn
444 2017 482 2078 ob
506 2039 539 2079 er
556 2018 611 2080 das
624 2018 722 2080 Ethos
744 2019 776 2079 in
798 2019 852 2080 der
868 2019 968 2080 Niobe
989 2018 1040 2079 des
1060 2015 1223 2096 Sophocles
1238 2035 1315 2094 gana

154 2125 259 2199 fasste,
284 2124 325 2185 ist
346 2125 535 2200 zueifelhaft‚
559 2127 622 2188 und
644 2127 750 2206 geuiss
772 2128 820 2202 ist,
840 2127 910 2189 dass
933 2149 964 2188 er
986 2148 1016 2188 es
1035 2127 1067 2186 in
1086 2125 1168 2187 seine
1187 2123 1315 2186 Skizzen

153 2233 239 2295 nicht
262 2233 444 2296 aufnehmen
466 2234 538 2296 oder
554 2243 620 2297 treu
636 2235 837 2316 wiedergeben
857 2236 966 2310 durfte,
988 2256 1040 2296 um
1063 2234 1121 2294 den
1137 2233 1203 2294 Tou
1220 2232 1316 2293 seiner
1343 2299 1346 2308 *

153 2340 298 2404 Dichtart
318 2342 381 2404 und
404 2343 453 2404 die
476 2343 649 2406 Harmonia
670 2344 721 2406 des
744 2344 871 2406 Ganzen
893 2366 930 2405 zu
951 2342 1138 2405 bewahren.“

258 2451 307 2512 De
324 2451 412 2512 -exitu
432 2450 547 2512 Niobes
563 2452 602 2512 ab
622 2451 806 2514 Eusthathio
828 2446 1084 2531 (11,p.1367,27)
1103 2449 1234 2511 traditur
1249 2467 1315 2508 eam

154 2558 187 2616 in
197 2557 328 2637 Lydiam
358 2558 485 2620 venisse.
530 2559 622 2634 Quod
638 2579 700 2637 qua
721 2560 838 2620 ratione
858 2559 975 2620 factum
999 2559 1039 2617 sit
1059 2556 1199 2617 nescitur.
1242 2554 1316 2614 For·

155 2671 237 2725 tasse
258 2672 295 2725 ut
310 2663 468 2726 Plutarchi
479 2665 544 2725 loco
567 2664 691 2726 laudato
707 2686 726 2726 a
742 2666 788 2726 dis
803 2667 880 2746 petit
910 2651 1145 2744 „drdpaomrov
1166 2650 1318 2742 γενέσθαι

154 2763 240 2852 πρὸς
270 2761 438 2832 ἀπώλειαι)
464 2763 524 2851 τὴν
553 2761 811 2854 χαλεπωτάτην(
847 2783 878 2835 et
905 2795 924 2834 a
952 2773 1007 2834 deo
1035 2771 1137 2852 aliquo
1171 2770 1229 2831 hoc
1258 2768 1316 2830 sibi
1407 2778 1409 2782 '

158 2889 337 2942 eventurum
369 2899 434 2940 esse
461 2880 568 2942 certior
588 2880 630 2942 fit.
674 2878 785 2942 Ovidio
806 2882 882 2942 haec
907 2881 1007 2942 minus
1030 2887 1170 2962 poterant
1191 2875 1320 2957 plaeere,

162 3010 231 3051 cum
253 3010 310 3051 nee
331 2997 450 3051 tantam
474 2990 656 3068 gravitatem
684 2989 805 3069 ingenio
833 2989 1098 3070 comprehenderet
1124 2995 1154 3049 et
1175 2983 1320 3046 transfor-

162 3098 257 3160 matio
280 3097 308 3159 ei
325 3117 373 3158 res
395 3097 559 3177 praecipua
574 3106 660 3158 esset.
705 3098 799 3178 Cujus
827 3099 999 3178 conjunctio
1025 3117 1094 3158 cum
1120 3092 1321 3156 antecedenti-

159 3204 218 3264 bus
242 3223 297 3266 sua
320 3211 426 3282 sponte
448 3223 544 3282 paene
567 3223 599 3263 se
620 3189 795 3282 praebebat.
839 3205 891 3265 Ex
916 3205 964 3265 his
988 3203 1133 3266 Ovidium
1154 3202 1187 3261 in
1215 3221 1319 3263 narra·

158 3309 241 3370 tione
262 3309 299 3371 de
320 3308 421 3370 Niobe
439 3307 597 3388 Sophoclis
610 3309 796 3389 tragoediam
811 3312 913 3372 eodem
935 3312 997 3373 fere
1007 3311 1096 3372 modo
1107 3318 1241 3372 secutum
1253 3330 1318 3372 esse

159 3425 250 3496 atque
271 3416 308 3478 de
330 3417 463 3480 Hecuba
488 3416 666 3498 Euripidem
689 3418 746 3478 etsi
771 3439 833 3480 non
856 3429 980 3495 certum,
1007 3418 1098 3482 valde
1123 3428 1227 3481 tamen
1255 3420 1317 3482 veri

158 3524 257 3586 simile
274 3526 385 3600 existit,
408 3546 507 3606 neque
523 3546 617 3588 causa
630 3536 684 3602 est,
697 3547 753 3589 cur
777 3547 845 3588 oum
860 3528 980 3589 Rohdio
1001 3516 1032 3606 (l.
1052 3527 1084 3606 l.)
1108 3549 1145 3589 ex
1162 3528 1317 3607 tragoedia

159 3632 390 3696 Alexandrinae
418 3633 538 3694 demum
563 3635 672 3698 aetatis
700 3633 845 3698 Ovidium
874 3636 1012 3698 hausisse
1040 3638 1141 3717 potius
1167 3646 1318 3716 putemus.

159 3743 265 3822 Atque
284 3741 399 3802 minore
420 3742 510 3801 etiam
533 3763 602 3802 cum
620 3743 689 3823 jure
705 3744 785 3806 idem
802 3745 850 3806 vir
867 3744 973 3806 doctus
989 3745 1026 3807 de
1036 3745 1231 3825 Euphorione
1241 3747 1320 3826 cogi-

157 3852 244 3924 tavit,
273 3851 373 3931 cujus*
392 3849 535 3923 narratio,
569 3846 732 3931 (Mainake,
761 3851 914 3915 Analecta
939 3852 1152 3916 Alexandrina
1177 3875 1206 3916 v.
1234 3852 1318 3937 146.)

157 3960 191 4019 in
210 3957 300 4020 rebus
322 3957 508 4038 gravissimis
533 3979 551 4018 a
573 3958 721 4039 Sophocle
740 3967 771 4022 et
792 3961 903 4023 Ouidio
926 3961 1060 4023 discedit.

263 4066 378 4130 Contra
400 4067 432 4128 in
445 4067 619 4141 narratione
632 4067 670 4129 de
691 4068 806 4130 Procne
828 4068 1037 4130 etPhilomela
1056 4069 1097 4148 (V
1099 4071 1124 4145 Ι,
1134 4067 1319 4153 raa-674)

159 4173 237 4236 nihil
256 4197 380 4257 prorsus
403 4177 481 4240 inest
503 4177 584 4258 quod
604 4177 782 4258 fragmentis
808 4178 966 4258 Sophoclis
991 4187 1045 4240 aut
1063 4178 1151 4240 Accii
1177 4179 1318 4258 quicum

161 4282 296 4363 sequitur
318 4283 416 4346 simile
434 4285 481 4348 sit.
524 4285 570 4348 At
588 4293 692 4348 notam
714 4285 824 4349 Ouidio
848 4287 944 4348 fuisse
965 4287 1153 4367 tragoediam
1168 4286 1319 4348 Graecam

161 4391 243 4454 hanc
259 4393 417 4457 materiam
439 4403 621 4458 mactantem
643 4395 741 4458 elucet
762 4416 800 4458 ex
816 4396 907 4460 Trist
929 4396 972 4470 11,
999 4393 1072 4459 389.
1111 4395 1195 4458 Ante
1216 4394 1318 4459 oculos
