3106 4988
628 544 839 650 ullu.

255 845 393 906 Paulus
413 842 647 904 Friederious
668 841 877 903 Guilelmus
893 839 1081 902 Gustavus
1106 839 1314 901 Bernardus

152 954 290 1014 Plaehn
321 962 411 1013 natus
436 973 503 1012 sum
526 950 672 1029 Lotzigiis
698 950 728 1008 in
749 950 815 1010 vieo
832 949 994 1009 Borussiae
1008 947 1212 1008 Occidentalis
1236 967 1262 1008 a.
1286 947 1315 1006 d.

152 1063 193 1124 V.
211 1062 276 1122 Cal.
294 1059 359 1123 Jul.
383 1060 455 1120 amri
478 1059 507 1120 h.
530 1080 552 1121 s,
571 1058 650 1118 LIX
673 1065 758 1137 patre
771 1057 928 1118 Bernardo
952 1057 1036 1119 verbi
1059 1057 1155 1118 divini
1178 1055 1315 1116 ministro

152 1179 248 1230 matre
264 1168 428 1229 Albertina
450 1188 465 1226 e
488 1177 575 1246 gente
588 1165 702 1238 Lueek,
728 1187 802 1244 quos
827 1165 926 1226 adhue
950 1163 1123 1244 superstites
1146 1183 1209 1224 esse
1225 1161 1315 1225 valde

153 1277 279 1355 gaudeo.
325 1276 430 1336 Fidem
452 1274 592 1354 profiteor
612 1274 827 1353 evangelicam.
865 1274 957 1334 Anno
979 1272 1009 1334 h.
1033 1294 1055 1332 s.
1076 1270 1222 1332 LXVIII
1247 1289 1315 1329 oum

154 1384 330 1464 parentibus
341 1381 539 1444 Tarnowkias
563 1382 593 1442 in
618 1382 716 1442 vieum
740 1381 874 1441 eiusdem
897 1380 1071 1460 provinciae
1093 1398 1185 1458 prope
1197 1377 1315 1439 Jastro-

153 1493 218 1554 vias
235 1493 339 1553 urbem
354 1493 445 1553 situm
460 1491 598 1569 migravi.
633 1490 817 1550 Litterarum
835 1489 1005 1568 primordiis
1030 1508 1048 1548 a
1071 1494 1156 1567 patre
1180 1485 1315 1546 imbutus

152 1621 231 1661 auno
242 1601 354 1659 LXXI
368 1601 398 1658 in
409 1599 571 1678 Gymnasii
581 1599 669 1678 Regii
679 1596 1023 1660 Schneidemuehliensis
1039 1595 1165 1656 classem
1176 1595 1315 1675 quintam

152 1717 290 1786 receptus
313 1728 388 1768 sum.
434 1709 609 1768 Auotumno
633 1715 733 1767 autem
758 1706 830 1766 anni
852 1705 980 1766 LXXV
997 1704 1200 1783 Gymnasium
1226 1703 1316 1763 Bero-

152 1817 268 1877 lineuse
289 1816 714 1877 Friederioo·Guilelmianum
737 1815 798 1874 adii
822 1814 901 1892 quod
924 1813 1033 1874 Kernii
1054 1812 1196 1892 auspiciis
1220 1811 1316 1873 floret.

156 1924 232 1984 Inde
255 1924 372 1985 duobus
396 1924 483 1983 annis
506 1933 576 2003 post
599 1923 782 1984 maturitatis
799 1922 969 1982 testimonio
985 1921 1149 1982 instructus
1160 1920 1316 1982 Universi·
1364 1913 1370 1927 ’

152 2040 246 2092 tatem
277 2031 660 2092 (laralo-Eberhardinam
692 2031 778 2110 petii,
808 2039 841 2090 ut
871 2030 1065 2109 antiquarum
1097 2029 1265 2090 litterarum
1287 2040 1316 2090 et

152 2139 276 2218 linguae
306 2139 487 2201 vernaculae
509 2137 615 2199 studiis
638 2138 825 2209 medatem,
858 2137 1028 2218 scholisque
1051 2137 1173 2198 interfui
1196 2158 1249 2216 per
1270 2135 1315 2196 bis

155 2269 209 2308 sex
227 2247 565 2321 mensesSohwabii,
590 2247 791 2326 Herzogii,
813 2245 979 2318 Flaohii,
1001 2245 1164 2318 Kelleri,
1186 2245 1316 2306 Koest-

152 2357 244 2430 lini,
268 2357 487 2428 Strauohii,
511 2354 948 2434 Geldne1·i‚Sigwartii‚
972 2354 1123 2427 Classii‚
1147 2353 1315 2433 Kugleri.

153 2463 273 2523 Deinde
287 2464 551 2543 Gryphiswaldiue
563 2485 616 2542 per
631 2485 744 2524 anunm
762 2463 913 2542 stipendia
932 2459 1036 2536 merui,
1058 2462 1208 2542 simulque
1224 2462 1316 2523 disse·

154 2579 253 2630 rentes
286 2571 389 2633 audivi
412 2571 697 2650 Kiesslingium,
721 2571 1029 2650 Luetjohaunum⁴
1053 2570 1315 2632 Reifferschei-

154 2677 260 2739 dium.
284 2678 361 2740 Tum
372 2679 547 2740 Berolinum
556 2700 603 2740 me
611 2679 725 2740 contuli
734 2679 835 2759 ibique
843 2700 896 2758 per
903 2687 1010 2759 quater
1019 2701 1071 2740 sex
1081 2700 1197 2740 menses
1208 2679 1315 2740 studiis

153 2788 277 2860 vacavi,
310 2797 399 2867 atque
430 2787 534 2850 audivi
563 2787 880 2860 Kirohhoffium,
914 2788 1183 2863 Huebnerum,
1214 2787 1315 2849 Vah-

152 2894 287 2968 lenum,
302 2896 515 2969 Robertum,
529 2896 864 2968 Muellenhoffium‚
884 2897 1107 2970 Schererum,
1123 2896 1314 2969 Zellerum,

152 3002 411 3078 Poulsenum‚
445 3005 809 3066 Wattenbaohium.
862 3005 1139 3067 Exercitationibus
1172 3006 1314 3066 interesse

154 3105 229 3166 mihi
263 3108 349 3169 licuit
381 3111 572 3190 philologieis
602 3113 794 3186 Vahleni,
835 3113 1058 3187 Huebueri,
1095 3115 1314 3193 germanistiois

152 3214 491 3292 Reifferscheidii,
524 3217 840 3294 Muellenhoffii,
871 3221 1057 3283 Schereri.
1102 3222 1223 3300 Quibus
1254 3245 1314 3284 om·

152 3323 242 3383 nibus
276 3325 390 3403 gratias
425 3347 480 3406 ago
514 3347 604 3405 quam
636 3328 795 3401 maximas,
827 3329 975 3409 imprimis
1009 3331 1216 3393 Huebnero
1248 3334 1314 3394 viro

152 3429 378 3506 humanssimio,
397 3435 449 3512 qui
473 3456 592 3500 summa
613 3436 799 3516 benignitate
815 3439 916 3500 studia
929 3442 1161 3503 meallvidiaua
1185 3443 1311 3505 adiuvit.
