3106 4988
632 344 758 432 ..¹49
803 347 842 387 .·-

153 517 235 579 Nam
257 539 295 578 ex
309 518 346 579 iis
364 539 440 598 quas
460 518 512 580 ille
532 516 643 591 attulit,
665 523 724 578 tres
743 525 862 577 tantum
877 514 1006 578 Ovidius
1024 513 1164 594 neglexit,
1185 511 1307 574 fabulas

153 626 190 687 de
208 626 357 706 Aspalide
380 627 461 704 (Nic.
482 625 524 700 β’;
547 625 622 687 Ant.
644 624 749 699 XIII),
770 624 807 685 de
823 623 934 684 Lamia
952 622 1031 700 (Nic.
1049 618 1090 695 d'3
1114 621 1188 683 Ant.
1202 618 1307 698 VIII),

154 734 191 795 de
221 735 309 814 Hyla
338 735 417 812 (Nic.
443 729 484 807 (5²3
515 734 589 794 Ant.
620 728 758 811 XXVI).
802 731 853 794 Sic
882 731 1021 792 fabulam
1052 729 1210 792 Arachnes
1238 725 1307 810 (VI,

157 840 294 920 1-145)
315 843 400 904 ouius
422 841 547 922 virginis
569 840 670 920 patria
693 839 797 900 eadem
818 839 878 901 fuit
900 848 990 918 atque
1012 837 1169 911 Nicandri,
1193 836 1231 898 ab
1253 836 1310 898 hoc

154 958 243 1030 poeta
274 959 429 1012 narratam
460 970 525 1010 esse
545 948 609 1010 veri
630 948 713 1009 haud
736 947 883 1008 dissimile
904 956 958 1007 est.
1002 945 1069 1006 Iam
1090 946 1122 1005 in
1143 944 1251 1005 fabula
1272 944 1310 1005 de

154 1059 296 1120 Heraea
317 1057 468 1120 Mercurio
492 1066 595 1118 amata
617 1051 672 1135 (Π,
703 1052 898 1132 708-832)
919 1052 1074 1133 Aglaurus
1097 1052 1199 1114 eodem
1221 1052 1311 1112 modo

155 1174 246 1246 atque
269 1166 379 1226 Battus
400 1166 432 1225 in
454 1165 562 1226 fabula
583 1163 780 1244 praecedente
803 1183 871 1223 cum
892 1161 969 1222 lucri
991 1161 1155 1241 cupiditate
1177 1167 1260 1222 mota
1278 1159 1310 1220 in

154 1273 244 1334 deum
265 1272 397 1367 insolens
414 1273 515 1347 fuerit,
535 1272 571 1332 in·
584 1293 692 1332 saxum
708 1279 851 1344 mutatur,
876 1290 973 1350 neque
990 1277 1093 1330 tamen
1113 1269 1187 1330 haec
1207 1268 1310 1329 simili-

154 1381 228 1442 tudo
256 1381 295 1442 ab
326 1381 438 1445 Ovidio
467 1382 506 1442 ad
536 1379 658 1442 fabulas
683 1379 907 1458 coniungendas
938 1379 970 1438 in
999 1399 1087 1438 usum
1116 1385 1226 1440 vocata
1258 1383 1310 1436 est.

155 1488 264 1569 Itaque
279 1489 408 1550 fortasse
431 1488 670 1565 coniunctionem
692 1487 751 1547 hac
764 1487 880 1568 ratione
899 1485 1035 1546 effectam
1056 1485 1138 1565 apud
1161 1492 1312 1545 auctorem

156 1615 223 1655 sum
242 1595 432 1656 Nicandrum
448 1595 565 1675 reperit,
589 1595 725 1656 aeduum
744 1593 909 1673 simplicior
931 1593 958 1653 ei
979 1613 1009 1653 se
1028 1593 1147 1653 offerret
1157 1593 1313 1666 transitus,

156 1723 222 1764 eam
244 1702 365 1782 sprevit.
400 1701 517 1763 Eadem
539 1701 769 1776 ratiocinatione
790 1701 836 1761 uti
850 1701 922 1762 licet
941 1701 973 1760 in
990 1699 1100 1761 fabula
1120 1698 1313 1760 Echinadum

157 1807 267 1888 (VIII,
298 1805 495 1890 574—589)
524 1810 726 1871 narrationem
753 1810 790 1870 de
811 1808 965 1888 Meleagro
994 1808 1155 1869 admodum
1185 1798 1313 1869 similem

158 1917 332 1997 excipiente.
376 1917 537 1978 Praeterea
557 1938 593 1978 ea
615 1917 746 1979 traditur
769 1938 787 1977 a
809 1917 946 1978 Lucieno
967 1917 1015 1994 (de
1038 1916 1105 1978 salt.
1129 1913 1190 1992 53).
1238 1895 1242 1901 ⁵

260 2025 446 2086 Notissimus
465 2025 748 2106 Metamorphoseon
769 2025 896 2105 scriptor
911 2033 1029 2104 praeter
1039 2024 1228 2086 Nicandrum
1240 2024 1314 2084 Par-

157 2133 278 2195 thenius
297 2143 370 2196 erat.
401 2135 500 2213 Quem
521 2154 589 2194 cum
604 2134 697 2214 paulo
715 2141 784 2194 ante
794 2133 898 2196 Ovidii
918 2142 1047 2194 aetatem
1058 2132 1175 2193 Romae
1189 2131 1315 2194 vixisset

158 2252 189 2305 et
211 2243 335 2304 summis
350 2243 446 2323 poetis
468 2242 614 2305 Romanis
636 2251 672 2302 ut
683 2240 820 2322 Vergilio
844 2241 1044 2332 amicissimus
1064 2241 1180 2314 fuisset,
1203 2239 1314 2302 Ovidio

157 2361 263 2413 notum
285 2352 380 2414 fuisse
402 2353 536 2432 ineptum
559 2360 637 2412 esset
658 2371 777 2431 negare.
808 2351 890 2411 Eum
914 2350 946 2409 in
961 2348 1256 2428 Metamorphosibus
1277 2346 1314 2408 de

159 2460 264 2540 Scylla
285 2460 381 2538 egisse
403 2468 489 2538 patet
509 2479 547 2518 ex
556 2458 718 2519 Eustathio
736 2458 788 2534 (ad
814 2459 941 2538 Dionys.
957 2457 1073 2537 Perleg.
1088 2441 1173 2536 42'0).
1205 2456 1314 2536 Itaque

159 2567 239 2626 hanc
255 2565 392 2626 fabulam
416 2565 585 2626 accuratius
601 2585 838 2644 percenseamus,
862 2567 947 2626 cuius
966 2565 1067 2628 varias
1087 2563 1168 2646 apud
1181 2543 1315 2644 singulos

162 2674 321 2753 scriptores
344 2673 458 2734 formas
481 2683 619 2734 accurate
641 2673 800 2754 descripsit
818 2673 956 2734 Rohdius
979 2671 1019 2753 (p.
1039 2671 1089 2746 93,
1111 2672 1151 2733 A.
1175 2669 1215 2751 3).

263 2779 385 2842 Fabula
403 2779 441 2840 de
463 2779 568 2859 Scylla
599 2780 638 2840 ad
668 2801 777 2844 navem
809 2781 935 2860 alligata
969 2788 999 2840 et
1028 2800 1095 2866 per·
1109 2801 1192 2840 mare
1216 2788 1315 2841 tracta

160 2887 385 2950 nonconvenit
406 2907 461 2948 nec
483 2909 550 2948 cum
572 2887 685 2967 nuptiis
708 2888 804 2968 primo
829 2888 926 2967 pactis
944 2909 999 2949 nec
1019 2908 1087 2948 cum
1102 2887 1269 2949 mutatione
1286 2888 1317 2948 in

160 3005 326 3058 monstrum
349 2995 426 3058 illud
446 2997 605 3070 mannum,
627 2997 739 3076 optime
760 2998 900 3059 convenit
922 3017 991 3058 cum
1014 2997 1186 3056 narratione
1208 3017 1275 3057 eam
1299 3017 1318 3056 a

160 3106 263 3166 Minoe
281 3126 350 3166 cum
372 3105 503 3185 primum
525 3125 593 3165 eum
617 3106 740 3166 adiisset
767 3114 897 3186 spretam
918 3126 995 3178 esse,
1025 3113 1056 3165 et
1081 3125 1149 3165 cum
1174 3105 1317 3166 transfor-

161 3213 293 3275 matione
315 3213 347 3273 in
370 3212 454 3274 cirim
478 3233 573 3274 avem.
618 3213 688 3288 Quo
711 3213 839 3273 efficitur
861 3213 937 3273 duas
958 3213 1048 3273 huius
1064 3212 1189 3275 fabulae
1203 3212 1317 3273 formas

162 3323 312 3383 exstitisse
342 3321 530 3401 praecipuas.
583 3318 621 3379 In
653 3319 749 3380 altera
779 3320 882 3382 Minos
913 3321 1010 3401 primo
1041 3319 1223 3381 connubium
1249 3341 1317 3383 cum

162 3429 266 3510 Scylla
284 3428 455 3509 paciscitur,
476 3427 584 3489 deinde
605 3447 642 3488 ea
665 3426 771 3488 relicta
792 3447 885 3491 naves
903 3429 1001 3503 solvit,
1026 3428 1130 3510 Scylla
1143 3449 1277 3490 maerore
1289 3436 1320 3490 et

161 3536 263 3598 furore
281 3545 349 3598 acta
364 3537 397 3624 iu
411 3557 494 3597 mare
512 3557 544 3598 se
557 3536 659 3598 deiicit
675 3544 705 3598 et
717 3545 885 3598 monstrum
909 3557 1034 3600 saevum
1053 3537 1095 3598 fit.
1126 3537 1236 3598 Altera
1250 3557 1319 3596 nar·

161 3653 212 3707 rat
232 3645 365 3706 Minoem
388 3665 456 3706 curn
479 3645 610 3725 primum
630 3645 667 3706 de
689 3645 857 3726 proditione
886 3647 994 3708 certior
1014 3646 1114 3706 factus
1136 3653 1214 3707 esset
1235 3643 1320 3725 Scyl·

162 3752 224 3814 lam
251 3753 290 3814 ad
312 3753 439 3833 puppim
465 3753 598 3816 vinctam
619 3774 674 3832 per
694 3773 777 3816 mare
799 3755 936 3830 nexisse,
959 3755 1045 3816 illam
1074 3762 1174 3816 autem
1196 3755 1320 3814 deorum

162 3859 354 3921 miseratione
375 3859 453 3920 Ciris
477 3860 541 3924 avis
562 3860 662 3921 forma
681 3869 807 3941 accepta
828 3863 975 3942 effugisse.
1020 3862 1109 3924 Haec
1135 3861 1234 3922 forma
1256 3861 1320 3924 sine

163 3967 255 4028 dubio
279 3967 430 4047 antiquior
451 3976 504 4028 est.
550 3968 645 4048 Apud
668 3967 889 4048 Apollodorum
911 3969 982 4047 (ΙΙΙ,
1008 3968 1056 4044 15,
1083 3967 1112 4049 8)
1133 3969 1229 4050 quiin
1245 3979 1318 4031 cete·

162 4075 204 4135 ris
230 4059 297 4137 eam
328 4075 470 4156 sequitur,
502 4074 635 4154 nondum
665 4084 800 4138 mutatur
826 4077 938 4157 Scylla,
972 4077 1024 4138 sed
1046 4077 1187 4139 fluctibus
1210 4078 1320 4140 obruta

164 4182 297 4245 moritur.
325 4179 564 4247 Transformatio
583 4185 691 4246 deinde
707 4183 1005 4266 pe'rAlexandrinos
1023 4195 1127 4266 poetas
1146 4186 1251 4248 addita
1266 4196 1320 4261 est,

164 4313 261 4374 neque
283 4312 349 4353 eam
371 4302 441 4355 ante
462 4293 659 4356 Parthenium
682 4295 853 4358 remotiores
875 4295 1065 4376 potissimum
1093 4294 1217 4356 fabulas
1243 4303 1320 4356 trac·

165 4411 279 4464 tantem
302 4409 375 4479 puto
396 4403 490 4462 fuisse
513 4403 668 4463 notiorem.
715 4403 823 4464 Altera
845 4403 944 4464 forma
969 4425 989 4463 a
1010 4412 1108 4483 poeta,
1130 4412 1159 4463 et
1181 4424 1215 4463 eo
1237 4402 1320 4463 haud
