3106 4988
632 327 844 387 ...45-

160 498 313 560 Nicandro
325 497 476 558 Eidothea
486 498 605 578 Euryti,
628 521 647 560 a
667 500 833 561 Nicaeneto
849 498 941 579 (apud
962 497 1065 558 Parth.
1083 517 1161 560 narr.
1186 517 1235 555 am
1260 491 1312 575 11)

159 607 308 687 Tragasia
330 605 486 682 (lelaenus,
519 628 539 669 a
560 607 731 670 Scholiasta
752 609 783 669 in
807 607 998 670 Theocritum
1023 605 1109 683 (VH,
1134 603 1205 680 115)
1228 602 1315 664 Aria.

160 714 278 777 Deinde
299 714 481 777 dissentiunt
504 714 670 796 scriptores,
694 725 795 777 utrum
826 716 949 777 Caunus
972 713 1133 795 Byblidem
1162 711 1315 784 amaverit,

160 824 192 885 id
206 823 286 904 quod
307 823 502 899 Nicaenetus,
525 823 628 886 Conon
652 823 741 902 (narr.
760 823 825 886 tin
838 825 926 886 Phot.
942 820 1038 903 bibl),
1060 821 1189 882 Nonnus
1210 818 1315 898 (XIII,

161 929 244 1007 546),
267 931 390 995 Scholia
409 931 440 991 in
463 931 655 993 Theocritum
678 932 811 1006 tradunt,
833 953 872 992 an
888 932 927 994 ab
947 930 1003 993 illa
1017 938 1134 994 amatus
1154 928 1201 1002 sit,
1224 945 1315 1006 quam

160 1039 363 1101 narrationem
386 1038 548 1113 Nicander,
571 1039 708 1114 Ovidius,
731 1039 922 1114 Parthenius,
945 1035 1037 1120 (narr.
1057 1057 1116 1098 am.
1139 1024 1176 1096 11
1193 1055 1232 1096 ex
1249 1032 1315 1113 plu·
1359 1105 1362 1110 Ι

160 1148 244 1210 ribus
266 1145 471 1227 scriptoribus)
491 1145 614 1208 habent.
655 1147 706 1207 Ex
726 1146 773 1208 his
796 1147 1013 1210 confessionem
1035 1143 1144 1206 amoris
1172 1133 1314 1204 adversus

160 1255 286 1316 fratrem
308 1255 420 1316 eteius
440 1253 546 1333 fugam
568 1254 781 1334 praetermittit
802 1254 963 1316 Nicander.
998 1254 1121 1315 Caunus
1138 1250 1210 1310 urbs
1234 1248 1315 1329 apud

162 1362 350 1422 Nicandrum
371 1361 573 1424 Nicaenetum
591 1341 789 1423 Parthenium
812 1362 956 1425 Ovidium
980 1362 1019 1423 ab
1041 1361 1107 1440 ipso
1122 1357 1227 1420 (launo
1247 1377 1318 1416 con-

163 1470 252 1543 ditur,
274 1470 357 1549 apud
372 1469 524 1530 Cononem
540 1470 579 1531 ab
594 1470 724 1549 Aegialo
736 1471 799 1531 eius
812 1469 883 1544 filio,
896 1491 985 1550 quem
1000 1489 1037 1530 ex
1053 1469 1170 1529 Pronoe
1181 1465 1316 1546 nympha
1339 1466 1341 1470 ’

162 1585 381 1658 procreaverat.
426 1577 534 1658 Byblis
559 1577 685 1638 fratrem
702 1579 836 1658 sequitur
854 1577 935 1658 apud
952 1577 1105 1639 Cononem
1123 1583 1153 1635 01
1164 1572 1317 1635 Ovidium.

162 1685 210 1746 De
231 1683 370 1744 extremis
392 1684 455 1745 eius
477 1685 550 1745 fatis
571 1685 658 1747 varia
680 1694 850 1748 narrantur.
885 1684 980 1766 Apud
1002 1682 1200 1745 Parthenium
1222 1681 1317 1742 Cono-

162 1812 230 1852 nem
251 1790 453 1852 Scholiastam
474 1791 507 1852 in
528 1785 721 1854 Theocritum
744 1813 775 1854 se
798 1792 962 1873 suspendit,
982 1791 1063 1872 apud
1079 1789 1266 1850 Nicandrum
1280 1787 1317 1847 de

163 1899 286 1979 scopulo
309 1919 340 1959 se
358 1899 498 1960 deiiciens
522 1921 540 1960 a
562 1901 703 1980 nymphis
726 1909 863 1962 servatur
884 1910 914 1962 et
936 1901 967 1960 in
982 1897 1234 1978 Hamadryadem
1254 1915 1318 1956 mu-

162 2017 253 2069 tatur.
297 2007 507 2068 Lacrimarum
532 2009 565 2067 in
594 2009 708 2069 fontem
735 2009 941 2088 cognominem
970 2007 1124 2070 conversio
1155 2004 1275 2066 additur
1299 2023 1317 2062 a

162 2115 327 2190 Nicandm,
350 2115 472 2176 Conone
486 2125 516 2176 et
537 2125 624 2197 parte
645 2137 746 2178 eorum
768 2137 843 2198 quos
862 2116 1044 2178 Parthenius
1066 2115 1174 2176 laudat
1196 2111 1318 2191 scripto·

163 2246 239 2286 rum.
283 2224 354 2304 Ipse
375 2224 407 2283 in
425 2223 557 2284 carmine
566 2225 650 2284 cuius
667 2232 786 2310 ¹partem
807 2224 921 2306 profert
941 2225 978 2286 de
994 2245 1030 2284 ea
1044 2243 1106 2284 non
1122 2221 1193 2302 agit.
1224 2218 1319 2300 Apud
1416 2252 1419 2262 ·

163 2332 307 2395 Ovidium
329 2341 359 2394 ct
379 2331 525 2394 Nonnum
542 2331 611 2412 ipsa
634 2331 741 2412 Byblis
763 2333 933 2394 insontem
956 2341 1103 2406 mutatum
1133 2319 1316 2391 inScholiis

166 2439 205 2500 ad
225 2441 416 2502 Theocritum
435 2440 503 2500 fons
527 2440 566 2500 ab
587 2442 623 2500 00
646 2461 755 2502 nomen
778 2441 928 2522 accepisse
949 2440 1087 2514 traditur,
1115 2438 1167 2499 sed
1185 2457 1246 2496 non
1260 2434 1321 2515 ad-

166 2549 255 2622 ditur,
284 2569 345 2628 qua
377 2548 415 2608 de
442 2568 547 2609 00000.
561 2548 618 2608 hoc
646 2548 761 2609 factum
789 2549 836 2610 sit.
878 2549 927 2610 De
951 2549 1035 2609 fonte
1061 2567 1154 2628 prope
1179 2542 1318 2605 Miletum

149 2655 297 2736 'Byblida
319 2656 528 2736 cognominato
552 2665 705 2735 praeterea
727 2656 821 2717 tradit
842 2656 1015 2718 Pausanias
1033 2655 1118 2733 (VII,
1140 2652 1168 2728 5,
1194 2650 1254 2729 10).

267 2763 306 2824 10
332 2783 450 2824 summa
471 2763 529 2824 hae
552 2763 727 2824 fabularum
748 2763 895 2825 varietate
918 2763 949 2824 id
972 2763 1103 2844 primum
1122 2760 1318 2841 cognoscitur,

165 2871 289 2952 propius
320 2871 359 2932 ad
387 2871 531 2933 Ovidium
560 2872 701 2934 accedere
721 2871 869 2932 Nicandri
891 2881 920 2933 et
941 2871 1096 2933 Parthenii
1117 2869 1320 2930 narrationem

166 3001 258 3060 quam
287 3001 389 3041 eorum
415 2981 496 3059 apud
525 3000 600 3060 quos
627 2980 750 3042 Caunus
781 3001 881 3041 amore
905 2989 1011 3060 captus
1032 2987 1090 3054 est,
1120 2999 1182 3038 non
1202 2974 1319 3057 Byblis.

167 3087 228 3148 Sed
250 3087 340 3146 etiam
349 3065 503 3147 Nicander
522 3087 567 3147 ita
586 3108 649 3148 rem
670 3098 782 3161 narrat,
804 3097 840 3148 ut
854 3087 998 3150 Ovidium
1019 3087 1050 3146 in
1063 3085 1227 3166 praecipua
1242 3091 1320 3145 certe

167 3191 291 3254 fabulae
311 3201 397 3271 parte
420 3192 552 3254 alienum
575 3202 725 3256 auctorem
747 3195 889 3259 habuisse
919 3203 1030 3275 pateat.
1074 3193 1157 3254 Nam
1183 3200 1218 3253 ut
1243 3213 1321 3252 sum-

168 3320 250 3361 mam
274 3299 470 3380 genealogiae
501 3301 699 3363 differentiam
733 3304 982 3382 praetermittam,
1019 3302 1101 3384 apud
1131 3301 1320 3362 Nicandrum

168 3408 293 3470 Caunus
315 3429 412 3488 neque
422 3410 566 3490 comperit
583 3410 691 3471 sororis
704 3432 834 3472 amorem
843 3434 940 3493 neque
957 3413 1044 3493 fugit.
1065 3409 1209 3472 Alienam
1221 3415 1322 3469 autem

169 3515 208 3576 ab
230 3536 264 3577 eo
284 3518 488 3579 narrationem
509 3519 716 3582 idcoOvidius
737 3521 879 3600 sequitur,
902 3521 976 3602 quia
986 3521 1028 3582 sic
1042 3519 1149 3582 melior
1160 3537 1227 3578 cum
1236 3537 1321 3596 prac-

169 3623 342 3686 cedentihus
353 3627 523 3706 conjunctio
538 3627 648 3701 existit,
660 3649 749 3707 porro
763 3629 865 3689 Minos
880 3629 961 3708 apud
979 3648 1047 3688 cum
1062 3625 1174 3706 ubique
1189 3623 1320 3704 optimus

168 3754 222 3794 rex
244 3742 336 3814 atque
352 3713 538 3814 justissimus
558 3742 615 3808 est,
638 3735 767 3816 denique
795 3737 942 3798 confessio
971 3736 1110 3801 insaniae
1132 3733 1322 3796 'occasionem
1353 3735 1354 3742 ’

168 3843 196 3904 01
217 3841 421 3924 datByblidis
444 3842 537 3903 animi
558 3843 789 3906 concitationem
805 3844 926 3908 uberius
945 3844 1119 3907 exornandi.
1147 3842 1322 3906 sedamen

168 3972 230 4013 non
252 3971 374 4033 prorsus
390 3950 539 4012 Nicandri
557 3951 761 4013 narrationem
783 3951 923 4033 neglexit,
945 3975 1048 4018 verum
1069 3953 1101 4012 in
1122 3950 1324 4032 nympharum

168 4059 303 4140 puellam
327 4057 542 4140 excipientium
561 4067 592 4119 et
612 4059 796 4121 mutantium
816 4063 976 4137 mentione,
999 4083 1077 4143 qnae
1097 4061 1171 4124 alibi
1191 4082 1252 4122 non
1274 4081 1322 4122 ex-

170 4168 284 4229 stetin
305 4189 395 4229 usum
418 4188 505 4228 suum
524 4168 680 4231 convertit.
724 4167 806 4231 Nam
829 4170 924 4231 abeo
946 4171 1098 4252 scriptore,
1121 4191 1209 4250 quem
1231 4169 1263 4230 in
1280 4189 1323 4230 ce·

170 4277 241 4338 teris
270 4285 388 4338 secutus
407 4283 460 4351 est,
484 4297 550 4338 eam
574 4297 605 4338 se
627 4278 820 4358 suspendisse
842 4261 998 4341 narratum
1026 4287 1103 4354 erat,
1126 4288 1161 4341 ut
1182 4286 1267 4358 patet
1288 4299 1326 4338 ex

170 4385 257 4450 Artis
280 4385 417 4450 versibus
440 4384 476 4464 (I,
500 4384 586 4466 283):
603 4386 730 4470 „laqueo
752 4387 870 4454 fortiter
887 4387 955 4453 ulta
975 4387 1089 4452 nefas.“
1119 4387 1179 4452 Sed
1201 4387 1238 4449 de
1257 4387 1325 4472 ipsa
