3106 4988
713 311 923 372 ..12..

240 480 290 540 Ex
322 482 465 541 memoria
494 481 613 542 uidetur
645 481 719 543 haec
756 483 922 542 narrationi
960 503 1034 544 suae
1071 483 1238 544 inseruisse.
1294 484 1397 562 Ipsam

245 596 345 649 autem
366 597 489 668 propter
510 609 643 668 pugnarn
667 589 890 650 accuratissime
912 589 1093 669 descriptam
1112 598 1142 652 et
1150 597 1265 670 partem
1274 589 1399 651 fabulae

246 695 278 754 in
302 691 400 775 epulis
422 704 577 757 narratam
600 717 637 757 ex
660 697 745 777 epico
768 697 901 758 carmine
912 697 1013 778 aliquo
1027 697 1151 760 fluxisse
1162 718 1230 758 cum
1240 695 1399 758 Welckero

244 800 297 878 (11,
316 823 346 882 p.
370 801 444 880 663)
466 811 549 882 puto.
592 803 684 868 Unde
712 812 826 866 ceterae
853 806 1034 868 mutationes
1062 813 1200 886 sumptae
1228 806 1304 880 sint,
1338 825 1398 865 non

242 909 349 988 liquet,
371 931 443 990 pars
466 930 570 972 earum
601 911 730 974 fortasse
757 933 796 974 ex
824 898 927 975 eodem
959 913 1091 975 carmine
1119 913 1212 993 epicc.
1261 913 1398 974 Atlantis

245 1017 543 1080 transformationem
565 1028 720 1099 praeterea
748 1030 875 1082 narrant
895 1021 1017 1084 Servius
1049 1016 1102 1101 (ad
1123 1021 1210 1102 Virg.
1242 1022 1320 1083 Aen.
1343 1020 1400 1083 IV.

244 1123 319 1202 246)
344 1133 373 1185 et
392 1125 499 1188 leviter
520 1135 669 1188 mutatam
685 1127 807 1190 Tzctzes
831 1129 882 1206 (ad
902 1129 976 1209 Lyc.
1002 1124 1076 1209 829)
1099 1149 1137 1190 ex
1153 1129 1282 1210 Polyido
1303 1128 1400 1208 dithy-

246 1233 420 1294 ramborum
438 1235 589 1315 scriptore,
613 1236 769 1315 sanguinis
786 1236 933 1298 Medusae
950 1234 1134 1316 Apollonius
1157 1232 1226 1318 (IV,
1252 1233 1349 1318 1513)
1372 1245 1402 1298 et

246 1340 391 1402 Lucanus
413 1340 483 1418 (IX,
507 1339 591 1418 619),
615 1343 797 1404 curaliorum
816 1323 931 1424 Orphei
953 1333 1074 1417 λιθικά,
1092 1343 1240 1405 Medusae
1261 1363 1358 1406 nemo.
1387 1419 1389 1426 Ι

333 1449 377 1528 ΙΕ
401 1448 559 1529 Sophoclis
582 1450 744 1530 tragoediis
766 1459 885 1532 praeter
905 1452 1109 1530 Rhizotomos,
1130 1451 1290 1532 dequibus
1311 1471 1402 1532 supra

244 1555 291 1634 egi
312 1553 492 1638 (p.10sq.),
513 1557 634 1620 Nioben
658 1568 688 1620 et
709 1559 835 1621 Tereum
859 1559 897 1620 ab
921 1543 1032 1621 Ouidio
1053 1560 1086 1620 in
1106 1559 1401 1640 Metamorphosibus

247 1663 399 1725 adhibitas
422 1685 487 1726 esse
512 1665 692 1728 Welckerus
714 1676 803 1747 putat
832 1666 871 1747 (I.
899 1689 928 1747 p.
953 1665 1017 1728 286
1040 1675 1070 1728 et
1095 1665 1180 1744 376).
1224 1667 1313 1744 Quae
1339 1686 1404 1728 sen·

248 1773 345 1832 tentia
365 1772 403 1834 de
423 1773 666 1855 Niobe-quidem
687 1775 771 1835 haud
800 1784 910 1836 temere
933 1776 1101 1854 spernenda
1122 1784 1180 1850 est,
1210 1784 1245 1838 ut
1266 1774 1403 1836 Rohdius

245 1879 318 1941 fecit
339 1876 380 1960 (p.
416 1879 477 1942 129
508 1879 562 1962 Α).
606 1881 683 1942 Cum
712 1881 873 1948 Welokero
900 1883 1091 1944 consentiunt
1117 1883 1315 1944 Hermannus
1343 1883 1402 1962 (op.

247 1987 307 2062 ΠΙ,
325 2009 355 2068 p.
378 1987 419 2049 37
443 1987 508 2069 sq.),
532 1989 753 2051 Burmeisterus
780 1990 829 2068 (de
850 1990 959 2052 fabula
987 2011 1065 2070 quae
1095 1991 1132 2052 de
1159 1991 1260 2052 Niobe
1281 1991 1404 2071 ejusque

202 2148 206 2159 .
247 2095 350 2158 liberis
374 2097 449 2176 agit,
474 2097 610 2159 Wismar
638 2095 747 2178 1836),
777 2098 918 2160 Starkius
940 2097 1050 2178 (Niobe
1078 2098 1140 2160 und
1171 2099 1221 2160 die
1241 2098 1403 2170 Niobiden,

249 2203 376 2284 Leipzig
398 2203 490 2278 1863,
513 2227 542 2286 p.
561 2205 604 2266 44
624 2204 669 2286 ff.)
707 2207 794 2268 Certe
815 2227 883 2268 cum
894 2206 1054 2268 Welckero
1076 2205 1116 2286 (p.
1137 2205 1212 2284 289)
1233 2215 1264 2268 et
1283 2206 1405 2268 Starkio

249 2312 289 2392 (p.
314 2311 367 2391 72)
383 2312 577 2376 statuendum
600 2322 654 2387 est,
676 2314 787 2376 multos
820 2313 932 2375 colores
961 2315 1091 2394 tragicos
1117 2314 1215 2376 inesse
1247 2316 1278 2374 in
1302 2313 1406 2377 Ovidii
1535 2321 1536 2396 p

250 2421 424 2482 narratione
444 2420 513 2497 (VI,
538 2419 729 2499 146-312).
773 2423 889 2484 Versus
918 2419 1085 2483 rso-203
1115 2423 1227 2503 optime
1254 2422 1407 2503 quadrant
1535 2435 1536 2495 i

249 2528 281 2587 in
295 2528 430 2607 reginam
442 2527 474 2588 in
495 2547 615 2590 scenam
628 2529 867 2610 progredientem
882 2539 912 2591 et
932 2531 1054 2592 chorum
1068 2531 1281 2610 increpantem,
1300 2531 1352 2612 qui
1374 2530 1406 2590 in

250 2636 364 2716 parodo
392 2636 457 2697 alta
481 2657 554 2700 voce
578 2637 731 2699 Latonam
759 2639 902 2701 laudibus
931 2639 1053 2713 extulit,
1082 2660 1164 2701 nunc
1191 2648 1290 2701 autem
1317 2637 1406 2699 minis

250 2745 373 2824 reginae
401 2744 523 2805 territus
561 2746 750 2806 summissius
782 2747 870 2806 deam
899 2755 1069 2808 veneratur.
1121 2747 1274 2833 Imprimis
1302 2763 1405 2806 versus

254 2851 314 2914 193
339 2853 446 2914 similis
467 2861 514 2914 est
530 2853 699 2932 fragmento
719 2855 800 2934 quod
811 2854 993 2916 Plutarchus
1017 2851 1139 2931 (consol.
1163 2853 1208 2919 ad,
1224 2850 1327 2930 Apoll.
1352 2843 1406 2928 28)
1532 2927 1533 2930 ¹

250 2983 289 3023 cx
309 2961 410 3022 Niobe
431 2961 585 3042 tragoedia
608 2961 739 3023 auctoris
756 2961 878 3022 nomine
896 2979 958 3024 666
974 2960 1076 3022 addito
1099 2960 1186 3020 affert
1209 2979 1227 3018 a
1246 2955 1407 3020 Welckero
1532 2963 1533 2972 ¹

250 3071 311 3132 huc
333 3079 484 3134 revocato:

559 3165 636 3254 „hta
659 3169 842 3234 θαλέθοντι
863 3165 924 3254 βίῳ

557 3273 721 3354 Βλάσταις
743 3277 871 3342 τέκνων
893 3275 1083 3360 βριθομένα

559 3383 726 3468 Γλυκερὸν
752 3377 836 3466 φάος
858 3379 1004 3466 dpoioa.“

354 3494 474 3557 Deinde
500 3513 604 3558 versus
636 3494 821 3557 205—217
851 3495 975 3576 prologo
1003 3494 1163 3555 aLatona
1188 3492 1237 3554 vel
1266 3491 1411 3572 Apolline

254 3603 334 3665 dicto
349 3603 461 3684 optime
476 3604 667 3667 conveniunt.
711 3604 872 3665 Praeterea
894 3602 1036 3677 Ovidius,
1058 3622 1126 3662 cum
1142 3609 1285 3662 naturam
1297 3598 1411 3660 Niobes

255 3711 391 3774 divinam
421 3712 558 3774 versibus
597 3709 767 3773 170-176
798 3711 960 3792 praedicat,
989 3709 1137 3772 consentit
1167 3730 1236 3770 cum
1263 3706 1412 3787 Sophocle
1535 3729 1536 3780 r

256 3817 345 3902 (Ant.
380 3819 496 3880 aaa-
511 3819 590 3894 ssa;
624 3821 673 3882 nr.
699 3818 904 3898 rso-152).
959 3821 1032 3883 ram
1053 3815 1232 3880 ars-ass
1265 3836 1281 3876 e
1313 3814 1412 3877 nanas
1535 3787 1536 3865 l

255 3929 430 3992 narratione
458 3929 601 3991 videntur
628 3949 701 3991 esse.
755 3929 874 3990 Deinde
907 3928 942 3990 ut
963 3928 1075 4008 ubique
1096 3947 1191 4008 paene
1227 3925 1316 3986 anxie
1334 3923 1413 3984 vitat

259 4058 420 4121 puerorum
444 4057 560 4098 amores
583 4036 730 4118 prolixius
753 4033 928 4112 describere,
959 4035 1071 4097 omittit
1090 4055 1169 4115 quae
1190 4030 1354 4112 Sophocles
1375 4021 1413 4091 de

256 4169 317 4210 uno
355 4168 394 4210 ex
431 4145 563 4208 filiorum
604 4167 728 4234 numero
755 4130 898 4227 juvenem
930 4143 1082 4225 quendam
1115 4151 1250 4204 amatum
1280 4148 1412 4202 extremo
1535 4137 1536 4216 j

260 4257 368 4338 spiritu
378 4256 539 4318 invocante
555 4255 700 4331 narravit,
713 4255 841 4318 testibus
855 4253 1021 4316 Plutarcho
1033 4251 1129 4330 (Erat.
1144 4249 1196 4328 17)
1213 4243 1413 4311 et'Athenaeo
1535 4305 1536 4324 ,

265 4365 370 4446 (ΧΙΙΙ,
392 4387 422 4448 p.
432 4362 500 4440 ,601
513 4361 555 4450 a).
576 4365 695 4428 Deinde
711 4364 743 4426 in
763 4363 854 4430 breve
869 4364 980 4429 coactis
998 4381 1076 4445 quae
1093 4368 1268 4443 sequuntur,
1289 4357 1413 4422 nutricis
1535 4403 1536 4452 1
