3106 4988
613 322 825 382 *43-

249 497 356 558 Restat
377 504 412 556 ut
433 494 589 556 videamus
605 495 685 556 unde
695 492 834 556 fabulam
849 494 886 554 de
898 490 1026 572 Myrrha
1042 491 1203 570 sumpserit
1212 496 1302 570 poeta

146 613 255 667 noster.
300 603 359 666 Sed
375 624 413 664 ne
433 624 534 664 omnes
558 603 678 683 quidem
697 601 851 683 inquibus
870 601 991 662 uberius
1008 598 1083 661 haee
1101 597 1209 660 fabula
1224 607 1302 659 trao-

146 720 229 774 tatur
254 711 441 774 narrationes
469 710 574 791 quales
601 720 723 773 exstant
743 710 825 792 apud
847 707 1078 790 Apollodorum,
1102 706 1302 768 Plutarchum

146 817 272 901 (Parall.
293 820 365 882 min.
388 817 452 896 22),
474 818 639 882 Stobaeum
662 817 737 901 (flor.
761 817 811 893 64,
821 815 885 898 34),
908 817 1108 890 Antoninum,
1133 814 1301 895 Hyginum,

146 929 293 1003 Servium,
325 927 530 1008 Fulgentium,
562 927 595 987 in
619 926 747 988 Scholiis
774 926 813 987 ad
844 925 1083 1006 Lycophronem,
1102 923 1302 995 Theocritum,

146 1037 330 1118 Oppianum,
352 1035 484 1098 Statium
503 1031 781 1116 (Thaumacum
804 1034 915 1097 Ovidio
937 1033 1123 1095 conferentes
1137 1031 1302 1113 quidquam
1325 1065 1331 1070 -

145 1144 300 1230 efficimus,
323 1163 391 1214 curn
410 1141 497 1204 nulla
518 1163 641 1224 prorsus
665 1142 761 1204 exiis
783 1143 876 1205 talem
898 1143 930 1202 in
952 1142 1018 1203 ulla
1039 1163 1071 1205 re
1094 1140 1238 1223 praebeat
1265 1140 1303 1200 si·

145 1251 345 1314 militudinem
367 1271 435 1312 cum
454 1250 558 1313 Ovidii
585 1251 765 1325 narratione,
792 1259 827 1312 ut
848 1250 971 1331 propius
1000 1270 1092 1330 quam
1121 1257 1236 1312 ceterae
1263 1247 1303 1308 ad

145 1379 211 1420 eam
233 1359 372 1420 accedere
393 1360 540 1422 videatur.
584 1359 666 1420 Nam
689 1359 833 1440 Myrrhae
858 1367 983 1420 mortem
1013 1358 1070 1419 sibi
1100 1356 1303 1419 consciscendi

145 1474 286 1528 conatum
305 1466 343 1528 ab
365 1465 475 1530 Ouidio
497 1475 532 1528 ut
546 1467 682 1529 insaniae
699 1467 876 1550 magnitudo
898 1474 1064 1548 augeretur,
1086 1466 1182 1547 primo
1200 1465 1303 1527 inven-

144 1582 208 1636 tum
231 1595 296 1636 esse
318 1583 407 1635 etex
428 1574 537 1654 ipsein
552 1575 673 1655 Hygini
694 1574 817 1637 fabulas
830 1575 986 1637 transiisse
1012 1583 1095 1656 put0.
1139 1571 1302 1655 Reliquum

144 1682 236 1763 igitur
257 1683 345 1744 nobis
368 1691 414 1744 est
434 1691 469 1744 ut
489 1683 654 1758 videamus,
676 1705 749 1744 num
763 1685 786 1744 ii
802 1685 855 1764 qui
872 1693 943 1745 ante
955 1683 1058 1746 Ovidii
1080 1690 1209 1745 aetatem
1223 1681 1302 1742 hanc

143 1790 283 1852 fabulam
312 1799 481 1852 tractarunt
506 1791 635 1853 fortasse
665 1792 704 1853 ab
733 1814 768 1855 eo
796 1792 924 1855 adhibiti
949 1813 1013 1853 csse
1040 1791 1165 1872 possint.
1210 1791 1302 1868 Quod

144 1899 248 1960 statim
269 1898 440 1980 negandum
463 1908 509 1961 est
529 1899 566 1960 de
588 1900 761 1980 Panyaside
782 1875 880 1982 ‚quem
912 1901 951 1962 ab
971 1900 1082 1963 Ovidio
1104 1900 1215 1961 lectum
1237 1920 1302 1960 esse

144 2007 327 2070 verisimile
351 2028 411 2069 non
434 2005 487 2068 est.
532 2006 598 2068 Nec
617 2008 714 2088 magis
742 2029 792 2083 eo,
825 2029 862 2070 ex
896 2029 954 2089 quo
982 2007 1157 2069 Antoninus
1189 2007 1300 2090 hausit,
1387 2049 1393 2058 ·

23 2123 26 2130 '
145 2124 267 2177 auctore
288 2135 360 2176 usus
384 2123 441 2188 est;
464 2135 536 2174 nam
558 2115 583 2175 is
602 2114 806 2177 narrationem
826 2116 863 2178 de
882 2124 972 2196 partu
995 2115 1157 2176 admodum
1173 2115 1301 2176 dissimi-

142 2224 202 2286 lem
233 2223 358 2304 praebet
385 2222 515 2285 fortasse
540 2244 578 2284 ex
601 2221 760 2304 ¹tragoedia
791 2224 895 2304 aliqua
921 2232 1082 2304 sumptam.
1126 2223 1300 2284 Tractatum

143 2353 208 2394 esse
240 2331 320 2394 hano
347 2330 497 2431 fabulam!
512 2330 543 2391 in
572 2332 732 2412 tragoediis
764 2353 802 2393 ex
828 2331 988 2394 Athenaeo
1011 2331 1082 2410 (IX,
1104 2327 1190 2412 401),
1208 2331 1260 2412 qui
1284 2351 1300 2391 e

142 2440 285 2520 Dionysii
311 2440 433 2520 tyranni
462 2440 617 2520 tragoedia
643 2450 702 2502 tres
728 2461 833 2502 versus
861 2439 956 2514 affert,
992 2447 1022 2501 et
1044 2439 1171 2519 Iosepho
1194 2434 1298 2518 (XIX,

145 2547 235 2625 1,13)
256 2548 360 2609 elucet.
405 2547 522 2609 Cinnae
540 2569 611 2609 vero
635 2568 755 2609 carmen
778 2547 921 2609 Ovidium
944 2547 976 2606 in
1003 2567 1093 2608 usum
1121 2567 1209 2606 suum
1231 2566 1299 2605 con·

142 2656 266 2719 vertisse
281 2655 439 2737 probabile
452 2676 512 2716 non
528 2663 583 2728 est,
603 2676 670 2716 cum
686 2655 807 2717 diversa
823 2663 915 2736 atque
926 2654 1078 2716 contraria
1095 2662 1173 2716 esset
1189 2653 1298 2714 harum

142 2771 299 2844 poetarum
326 2771 445 2836 nauus,
480 2783 606 2842 quorum
640 2762 718 2824 alter
748 2763 978 2824 obscurissimus
1009 2757 1230 2842 (Philargyrius
1257 2761 1298 2822 ad

141 2871 233 2952 Verg.
247 2870 313 2933 Ecl.
331 2871 393 2945 ΙΧ,’
413 2866 468 2951 35)
491 2879 582 2952 atque
602 2871 828 2952 illepidissimus
851 2871 983 2950 (Gellius
1003 2871 1096 2945 XIX,
1119 2870 1147 2944 9,
1160 2868 1198 2946 7),
1222 2869 1299 2931 alter

142 2979 401 3060 ingeniosissimus
415 2979 545 3057 (Seneca
560 2990 676 3061 quaest.
690 2989 752 3042 nat.
763 2981 823 3056 111,
840 2980 891 3055 27,
909 2980 959 3058 13)
973 2989 1060 3042 esset.
1089 2979 1200 3041 Confer
1213 2999 1297 3060 prae·

142 3094 225 3148 terea
246 3109 323 3168 quae
343 3087 396 3148 ubi
419 3087 456 3148 de
477 3086 530 3147 Ius
552 3086 661 3148 fabula
683 3088 738 3168 egi,
758 3088 795 3150 de
821 3097 978 3169 poetarum
1002 3075 1182 3149 Latinorum
1215 3086 1296 3167 apud

143 3195 287 3257 Ovidium
308 3217 365 3258 usu
387 3195 515 3256 disserui
533 3195 573 3274 (p.
594 3194 655 3273 23).
691 3197 800 3260 Restat
816 3196 898 3258 solus
920 3196 1103 3270 Theodorus,
1125 3195 1210 3258 cuius
1229 3217 1297 3257 nar·
1363 3227 1366 3234 ¹

141 3304 267 3364 rationis
292 3311 500 3384 argumentum
523 3302 604 3384 quod
622 3303 654 3363 in
675 3303 765 3366 breve
786 3305 917 3385 spatium
940 3313 1075 3366 coactum
1095 3325 1114 3364 a
1130 3303 1297 3367 Plutarcho

139 3411 264 3490 (Parall.
286 3413 360 3474 min.
383 3408 440 3493 22)
452 3420 483 3474 et
497 3411 626 3474 Stobaeo
637 3399 711 3490 (flor.
729 3411 779 3486 64,
789 3411 842 3490 34)
864 3413 994 3487 affertur,
1011 3411 1087 3472 nihil
1105 3411 1198 3474 habet
1215 3412 1296 3492 quod

106 3557 112 3580 ι
138 3541 207 3582 cum
236 3520 339 3583 Ovidii
365 3521 538 3582 narratione
561 3528 682 3601 pugnet.
726 3521 848 3582 Etenim
881 3521 957 3582 iram
988 3520 1127 3596 Veneris,
1154 3541 1208 3602 pro
1235 3542 1297 3600 qua

139 3629 213 3691 scite
235 3629 364 3692 Ovidius
387 3629 536 3710 Erinyum
559 3627 697 3690 afflatum
720 3629 817 3705 finxit,
847 3631 908 3692 iam
930 3629 1012 3710 apud
1035 3639 1186 3692 auctorem
1206 3651 1316 3724 quem·

139 3745 259 3798 secutus
281 3746 327 3797 est
346 3737 483 3798 insaniae
505 3757 627 3798 causam
648 3737 742 3800 fuisse
754 3747 840 3819 patet
851 3759 888 3800 ex
901 3759 990 3800 versu
1006 3736 1077 3798 524.
1107 3737 1189 3798 Nam
1203 3759 1294 3818 quam

137 3845 238 3925 potuit
259 3843 365 3906 ulcisci
387 3845 446 3906 nisi
468 3865 546 3925 quae
571 3852 699 3907 taetram
728 3846 885 3909 libidinem
914 3846 1005 3908 matri
1029 3845 1200 3911 inflaverat!
1235 3845 1295 3920 Sed

137 3973 205 4014 cum
228 3953 329 4034 plures
351 3975 442 4035 quarn
465 3953 486 4013 ii
509 3953 546 4014 de
569 3954 679 4033 quibus
699 3956 786 4017 nobis
808 3965 935 4031 constat,
959 3964 1029 4018 ante
1042 3955 1146 4018 Ovidii
1165 3965 1294 4018 aetatem

91 4059 94 4066 ⁴
137 4062 282 4144 Myrrhae
304 4082 435 4124 amorem
460 4061 492 4122 in
514 4061 660 4143 poematis
680 4069 826 4126 tractasse
847 4065 910 4127 veri
932 4063 1119 4127 simillimum
1143 4065 1190 4140 sit,
1221 4065 1293 4127 certi

135 4170 209 4252 quid
231 4171 269 4232 de
291 4172 374 4233 fonte
391 4191 480 4251 quem
503 4170 631 4234 Ovidius
653 4171 685 4232 iu
706 4171 800 4252 priori
823 4172 948 4235 fabulae
972 4174 1009 4236 de
1037 4174 1180 4236 Adonide
1207 4182 1293 4256 parte

135 4269 255 4342 secunus
278 4280 326 4353 sit,
346 4279 529 4359 investigare
542 4301 604 4342 non
624 4301 792 4361 possumus.

239 4384 384 4450 Similiter
406 4389 551 4470 regessit
573 4387 700 4453 Ovidius
725 4389 756 4452 in
781 4387 955 4452 narratione
980 4388 1018 4450 de
1043 4389 1207 4473 Meleagro.
1245 4389 1293 4456 De
