<?xml version="1.0" encoding="UTF-8"?>
<!DOCTYPE html PUBLIC "-//W3C//DTD XHTML 1.0 Transitional//EN"
    "http://www.w3.org/TR/xhtml1/DTD/xhtml1-transitional.dtd">
<html xmlns="http://www.w3.org/1999/xhtml" xml:lang="en" lang="en">
 <head>
  <title>
</title>
<meta http-equiv="Content-Type" content="text/html;charset=utf-8" />
  <meta name='ocr-system' content='tesseract 3.04.00' />
  <meta name='ocr-capabilities' content='ocr_page ocr_carea ocr_par ocr_line ocrx_word'/>
</head>
<body>
  <div class='ocr_page' id='page_1' title='image "./denicandroaliis00plaegoog_0011.png"; bbox 0 0 3106 4988; ppageno 0'>
   <div class='ocr_carea' id='block_1_1' title="bbox 750 335 942 395">
    <p class='ocr_par' dir='ltr' id='par_1_1' title="bbox 750 335 942 395">
     <span class='ocr_line' id='line_1_1' title="bbox 750 335 942 395; baseline 0 -15"><span class='ocrx_word' id='word_1_1' title='bbox 750 335 942 395; x_wconf 76' lang='grc'>..6-</span> 
     </span>
    </p>
   </div>
   <div class='ocr_carea' id='block_1_2' title="bbox 271 499 1535 928">
    <p class='ocr_par' dir='ltr' id='par_1_2' title="bbox 271 499 1535 928">
     <span class='ocr_line' id='line_1_2' title="bbox 271 499 1535 590; baseline 0.008 -27"><span class='ocrx_word' id='word_1_2' title='bbox 271 523 333 564; x_wconf 92' lang='lat' dir='ltr'>non</span> <span class='ocrx_word' id='word_1_3' title='bbox 355 502 466 577; x_wconf 87' lang='lat' dir='ltr'>allatis,</span> <span class='ocrx_word' id='word_1_4' title='bbox 487 503 570 565; x_wconf 91' lang='lat' dir='ltr'>hunc</span> <span class='ocrx_word' id='word_1_5' title='bbox 591 524 685 564; x_wconf 93' lang='lat' dir='ltr'>unum</span> <span class='ocrx_word' id='word_1_6' title='bbox 710 514 861 567; x_wconf 81' lang='lat' dir='ltr'>auctorem</span> <span class='ocrx_word' id='word_1_7' title='bbox 882 507 1080 569; x_wconf 81' lang='lat' dir='ltr'>Parthenium</span> <span class='ocrx_word' id='word_1_8' title='bbox 1102 529 1167 568; x_wconf 91' lang='lat' dir='ltr'>esse</span> <span class='ocrx_word' id='word_1_9' title='bbox 1189 509 1282 570; x_wconf 90' lang='lat' dir='ltr'>credit</span> <span class='ocrx_word' id='word_1_10' title='bbox 1302 505 1343 590; x_wconf 80' lang='lat' dir='ltr'>(p.</span> <span class='ocrx_word' id='word_1_11' title='bbox 1367 510 1426 589; x_wconf 80' lang='lat'>38).</span> <span class='ocrx_word' id='word_1_12' title='bbox 1534 499 1535 544; x_wconf 64' lang='lat'><em>³</em></span> 
     </span>
     <span class='ocr_line' id='line_1_3' title="bbox 271 611 1427 699; baseline 0.006 -25"><span class='ocrx_word' id='word_1_13' title='bbox 271 612 380 694; x_wconf 87' lang='lat' dir='ltr'>Itaque</span> <span class='ocrx_word' id='word_1_14' title='bbox 407 611 438 672; x_wconf 93' lang='lat' dir='ltr'>in</span> <span class='ocrx_word' id='word_1_15' title='bbox 467 611 547 674; x_wconf 89' lang='lat' dir='ltr'>hanc</span> <span class='ocrx_word' id='word_1_16' title='bbox 573 632 636 673; x_wconf 93' lang='lat' dir='ltr'>rem</span> <span class='ocrx_word' id='word_1_17' title='bbox 660 615 830 676; x_wconf 81' lang='lat' dir='ltr'><strong>accuratius</strong></span> <span class='ocrx_word' id='word_1_18' title='bbox 852 615 1001 695; x_wconf 86' lang='lat' dir='ltr'>inquirere</span> <span class='ocrx_word' id='word_1_19' title='bbox 1024 625 1055 678; x_wconf 90' lang='lat' dir='ltr'>et</span> <span class='ocrx_word' id='word_1_20' title='bbox 1076 617 1107 677; x_wconf 92' lang='lat' dir='ltr'>id</span> <span class='ocrx_word' id='word_1_21' title='bbox 1128 616 1318 697; x_wconf 87' lang='lat' dir='ltr'>potissimum</span> <span class='ocrx_word' id='word_1_22' title='bbox 1341 640 1427 699; x_wconf 87' lang='lat' dir='ltr'>agere</span> 
     </span>
     <span class='ocr_line' id='line_1_4' title="bbox 272 720 1426 804; baseline 0.006 -23"><span class='ocrx_word' id='word_1_23' title='bbox 272 721 398 795; x_wconf 89' lang='lat' dir='ltr'>institui,</span> <span class='ocrx_word' id='word_1_24' title='bbox 421 729 456 781; x_wconf 91' lang='lat' dir='ltr'>ut</span> <span class='ocrx_word' id='word_1_25' title='bbox 477 720 659 802; x_wconf 81' lang='lat' dir='ltr'>intellegam,</span> <span class='ocrx_word' id='word_1_26' title='bbox 680 731 782 783; x_wconf 88' lang='lat' dir='ltr'>utrum</span> <span class='ocrx_word' id='word_1_27' title='bbox 804 721 937 799; x_wconf 89' lang='lat' dir='ltr'>fabulas,</span> <span class='ocrx_word' id='word_1_28' title='bbox 960 746 1036 804; x_wconf 91' lang='lat' dir='ltr'>quas</span> <span class='ocrx_word' id='word_1_29' title='bbox 1059 747 1230 787; x_wconf 89' lang='lat' dir='ltr'>communes</span> <span class='ocrx_word' id='word_1_30' title='bbox 1252 727 1344 788; x_wconf 88' lang='lat' dir='ltr'>habet</span> <span class='ocrx_word' id='word_1_31' title='bbox 1360 749 1426 790; x_wconf 89' lang='lat' dir='ltr'>cum</span> 
     </span>
     <span class='ocr_line' id='line_1_5' title="bbox 271 828 1531 928; baseline 0.006 -39"><span class='ocrx_word' id='word_1_32' title='bbox 271 829 435 903; x_wconf 89' lang='lat' dir='ltr'>Nicandro,</span> <span class='ocrx_word' id='word_1_33' title='bbox 459 850 496 890; x_wconf 93' lang='lat' dir='ltr'>ex</span> <span class='ocrx_word' id='word_1_34' title='bbox 514 828 568 890; x_wconf 92' lang='lat' dir='ltr'>illo</span> <span class='ocrx_word' id='word_1_35' title='bbox 588 829 654 910; x_wconf 90' lang='lat' dir='ltr'>ipso</span> <span class='ocrx_word' id='word_1_36' title='bbox 677 850 716 890; x_wconf 89' lang='lat' dir='ltr'>an</span> <span class='ocrx_word' id='word_1_37' title='bbox 738 831 862 928; x_wconf 75' lang='lat' dir='ltr'>aliunde</span> <span class='ocrx_word' id='word_1_38' title='bbox 885 834 1054 913; x_wconf 84' lang='lat' dir='ltr'>sumpserit,</span> <span class='ocrx_word' id='word_1_39' title='bbox 1084 834 1245 920; x_wconf 87' lang='lat' dir='ltr'>etquibus</span> <span class='ocrx_word' id='word_1_40' title='bbox 1268 836 1426 897; x_wconf 88' lang='lat' dir='ltr'>decausis</span> <span class='ocrx_word' id='word_1_41' title='bbox 1530 863 1531 872; x_wconf 52' lang='lat'>¹</span> 
     </span>
    </p>
   </div>
   <div class='ocr_carea' id='block_1_3' title="bbox 271 937 1535 1024">
    <p class='ocr_par' dir='ltr' id='par_1_3' title="bbox 271 937 1535 1024">
     <span class='ocr_line' id='line_1_6' title="bbox 271 937 1535 1024; baseline 0.006 -25"><span class='ocrx_word' id='word_1_42' title='bbox 271 958 322 999; x_wconf 90' lang='lat' dir='ltr'>eas</span> <span class='ocrx_word' id='word_1_43' title='bbox 346 937 516 999; x_wconf 87' lang='lat' dir='ltr'>mutaverit.</span> <span class='ocrx_word' id='word_1_44' title='bbox 545 937 616 998; x_wconf 92' lang='lat' dir='ltr'>Hoc</span> <span class='ocrx_word' id='word_1_45' title='bbox 639 947 739 999; x_wconf 87' lang='lat' dir='ltr'>autem</span> <span class='ocrx_word' id='word_1_46' title='bbox 762 940 901 1019; x_wconf 82' lang='lat' dir='ltr'>cognosci</span> <span class='ocrx_word' id='word_1_47' title='bbox 923 962 984 1002; x_wconf 92' lang='lat' dir='ltr'>non</span> <span class='ocrx_word' id='word_1_48' title='bbox 1007 951 1107 1021; x_wconf 89' lang='lat' dir='ltr'>potest</span> <span class='ocrx_word' id='word_1_49' title='bbox 1127 944 1187 1004; x_wconf 91' lang='lat' dir='ltr'>nisi</span> <span class='ocrx_word' id='word_1_50' title='bbox 1210 944 1427 1020; x_wconf 71' lang='lat' dir='ltr'>examinamus</span> <span class='ocrx_word' id='word_1_51' title='bbox 1534 961 1535 1024; x_wconf 57' lang='grc' dir='ltr'>ξ</span> 
     </span>
    </p>
   </div>
   <div class='ocr_carea' id='block_1_4' title="bbox 273 1036 1427 1343">
    <p class='ocr_par' dir='ltr' id='par_1_4' title="bbox 273 1036 1427 1343">
     <span class='ocr_line' id='line_1_7' title="bbox 273 1036 1369 1128; baseline 0.004 -20"><span class='ocrx_word' id='word_1_52' title='bbox 273 1067 351 1127; x_wconf 89' lang='lat' dir='ltr'>quae</span> <span class='ocrx_word' id='word_1_53' title='bbox 372 1046 400 1106; x_wconf 92' lang='lat' dir='ltr'>ei</span> <span class='ocrx_word' id='word_1_54' title='bbox 421 1045 498 1106; x_wconf 90' lang='lat' dir='ltr'>ratio</span> <span class='ocrx_word' id='word_1_55' title='bbox 520 1045 612 1106; x_wconf 84' lang='lat' dir='ltr'>fuerit</span> <span class='ocrx_word' id='word_1_56' title='bbox 634 1067 702 1106; x_wconf 90' lang='lat' dir='ltr'>oum</span> <span class='ocrx_word' id='word_1_57' title='bbox 721 1048 825 1109; x_wconf 87' lang='lat' dir='ltr'>ceteris</span> <span class='ocrx_word' id='word_1_58' title='bbox 848 1049 944 1128; x_wconf 91' lang='lat' dir='ltr'>poetis</span> <span class='ocrx_word' id='word_1_59' title='bbox 967 1036 1101 1112; x_wconf 73' lang='lat' dir='ltr'>Graecis.</span> <span class='ocrx_word' id='word_1_60' title='bbox 1367 1105 1369 1112; x_wconf 81' lang='grc'>,</span> 
     </span>
     <span class='ocr_line' id='line_1_8' title="bbox 375 1151 1426 1238; baseline 0.006 -24"><span class='ocrx_word' id='word_1_61' title='bbox 375 1154 465 1216; x_wconf 85' lang='lat' dir='ltr'>Trist.</span> <span class='ocrx_word' id='word_1_62' title='bbox 480 1155 522 1226; x_wconf 92' lang='lat' dir='ltr'>II,</span> <span class='ocrx_word' id='word_1_63' title='bbox 546 1151 716 1217; x_wconf 79' lang='lat'>381-408</span> <span class='ocrx_word' id='word_1_64' title='bbox 735 1155 842 1236; x_wconf 87' lang='lat' dir='ltr'>viginti</span> <span class='ocrx_word' id='word_1_65' title='bbox 850 1177 907 1218; x_wconf 88' lang='lat' dir='ltr'>sex</span> <span class='ocrx_word' id='word_1_66' title='bbox 923 1158 1095 1238; x_wconf 84' lang='lat' dir='ltr'>tragoediae</span> <span class='ocrx_word' id='word_1_67' title='bbox 1106 1157 1241 1220; x_wconf 84' lang='lat' dir='ltr'>Graecae</span> <span class='ocrx_word' id='word_1_68' title='bbox 1252 1158 1426 1234; x_wconf 78' lang='lat' dir='ltr'>afferuntur,</span> 
     </span>
     <span class='ocr_line' id='line_1_9' title="bbox 273 1264 1427 1343; baseline 0.004 -21"><span class='ocrx_word' id='word_1_69' title='bbox 273 1269 308 1323; x_wconf 91' lang='lat' dir='ltr'>ut</span> <span class='ocrx_word' id='word_1_70' title='bbox 336 1270 526 1337; x_wconf 84' lang='lat' dir='ltr'>monstretur,</span> <span class='ocrx_word' id='word_1_71' title='bbox 558 1283 649 1341; x_wconf 94' lang='lat' dir='ltr'>quam</span> <span class='ocrx_word' id='word_1_72' title='bbox 681 1283 771 1342; x_wconf 92' lang='lat' dir='ltr'>saepe</span> <span class='ocrx_word' id='word_1_73' title='bbox 797 1264 953 1343; x_wconf 84' lang='lat' dir='ltr'>tragoedia</span> <span class='ocrx_word' id='word_1_74' title='bbox 981 1265 1139 1326; x_wconf 84' lang='lat' dir='ltr'>materiam</span> <span class='ocrx_word' id='word_1_75' title='bbox 1167 1265 1277 1326; x_wconf 90' lang='lat' dir='ltr'>amoris</span> <span class='ocrx_word' id='word_1_76' title='bbox 1307 1265 1427 1340; x_wconf 91' lang='lat' dir='ltr'>habeat,</span> 
     </span>
    </p>
   </div>
   <div class='ocr_carea' id='block_1_5' title="bbox 263 1369 1535 1562">
    <p class='ocr_par' dir='ltr' id='par_1_5' title="bbox 263 1369 1535 1562">
     <span class='ocr_line' id='line_1_10' title="bbox 272 1369 1429 1452; baseline 0.003 -22"><span class='ocrx_word' id='word_1_77' title='bbox 272 1390 369 1450; x_wconf 89' lang='lat' dir='ltr'>neque</span> <span class='ocrx_word' id='word_1_78' title='bbox 390 1369 483 1431; x_wconf 78' lang='lat' dir='ltr'>odusa</span> <span class='ocrx_word' id='word_1_79' title='bbox 504 1377 562 1443; x_wconf 89' lang='lat' dir='ltr'>est,</span> <span class='ocrx_word' id='word_1_80' title='bbox 585 1391 639 1430; x_wconf 89' lang='lat' dir='ltr'>cur</span> <span class='ocrx_word' id='word_1_81' title='bbox 659 1391 719 1431; x_wconf 91' lang='lat' dir='ltr'>non</span> <span class='ocrx_word' id='word_1_82' title='bbox 742 1380 892 1451; x_wconf 91' lang='lat' dir='ltr'>putemus,</span> <span class='ocrx_word' id='word_1_83' title='bbox 915 1393 966 1434; x_wconf 90' lang='lat' dir='ltr'>eas</span> <span class='ocrx_word' id='word_1_84' title='bbox 989 1373 1070 1452; x_wconf 88' lang='lat' dir='ltr'>ipsas</span> <span class='ocrx_word' id='word_1_85' title='bbox 1092 1373 1131 1434; x_wconf 91' lang='lat' dir='ltr'>ab</span> <span class='ocrx_word' id='word_1_86' title='bbox 1153 1373 1264 1436; x_wconf 78' lang='lat' dir='ltr'>Ouidio</span> <span class='ocrx_word' id='word_1_87' title='bbox 1286 1393 1350 1434; x_wconf 91' lang='lat' dir='ltr'>esse</span> <span class='ocrx_word' id='word_1_88' title='bbox 1372 1373 1429 1434; x_wconf 87' lang='lat' dir='ltr'>lec·</span> 
     </span>
     <span class='ocr_line' id='line_1_11' title="bbox 263 1477 1535 1562; baseline 0.003 -24"><span class='ocrx_word' id='word_1_89' title='bbox 263 1485 330 1552; x_wconf 67' lang='lat' dir='ltr'>⁴tas,</span> <span class='ocrx_word' id='word_1_90' title='bbox 353 1479 461 1538; x_wconf 91' lang='lat' dir='ltr'>sinon</span> <span class='ocrx_word' id='word_1_91' title='bbox 483 1477 624 1557; x_wconf 87' lang='lat' dir='ltr'>integras,</span> <span class='ocrx_word' id='word_1_92' title='bbox 653 1487 685 1539; x_wconf 90' lang='lat' dir='ltr'>at</span> <span class='ocrx_word' id='word_1_93' title='bbox 708 1488 785 1540; x_wconf 90' lang='lat' dir='ltr'>certe</span> <span class='ocrx_word' id='word_1_94' title='bbox 807 1479 911 1560; x_wconf 89' lang='lat' dir='ltr'>aliqua</span> <span class='ocrx_word' id='word_1_95' title='bbox 933 1501 971 1541; x_wconf 88' lang='lat' dir='ltr'>ex</span> <span class='ocrx_word' id='word_1_96' title='bbox 992 1491 1088 1562; x_wconf 89' lang='lat' dir='ltr'>parte,</span> <span class='ocrx_word' id='word_1_97' title='bbox 1110 1482 1286 1561; x_wconf 82' lang='lat' dir='ltr'>praesertim</span> <span class='ocrx_word' id='word_1_98' title='bbox 1307 1501 1377 1542; x_wconf 93' lang='lat' dir='ltr'>cum</span> <span class='ocrx_word' id='word_1_99' title='bbox 1399 1489 1429 1542; x_wconf 93' lang='lat' dir='ltr'>et</span> <span class='ocrx_word' id='word_1_100' title='bbox 1534 1503 1535 1548; x_wconf 67' lang='lat' dir='ltr'>t</span> 
     </span>
    </p>
   </div>
   <div class='ocr_carea' id='block_1_6' title="bbox 273 1585 1429 1668">
    <p class='ocr_par' dir='ltr' id='par_1_6' title="bbox 273 1563 1535 1672">
     <span class='ocr_line' id='line_1_12' title="bbox 273 1585 1429 1668; baseline 0.004 -23"><span class='ocrx_word' id='word_1_101' title='bbox 273 1587 338 1667; x_wconf 88' lang='lat' dir='ltr'>ipse</span> <span class='ocrx_word' id='word_1_102' title='bbox 357 1585 531 1665; x_wconf 86' lang='lat' dir='ltr'>tragoediae</span> <span class='ocrx_word' id='word_1_103' title='bbox 548 1587 771 1666; x_wconf 87' lang='lat' dir='ltr'>componendae</span> <span class='ocrx_word' id='word_1_104' title='bbox 788 1601 910 1668; x_wconf 87' lang='lat' dir='ltr'>operam</span> <span class='ocrx_word' id='word_1_105' title='bbox 933 1589 1027 1651; x_wconf 87' lang='lat' dir='ltr'>daret.</span> <span class='ocrx_word' id='word_1_106' title='bbox 1057 1589 1176 1666; x_wconf 70' lang='lat' dir='ltr'>Quodsi</span> <span class='ocrx_word' id='word_1_107' title='bbox 1198 1590 1429 1663; x_wconf 87' lang='lat' dir='ltr'>consideramus,</span> 
     </span>
    </p>
   </div>
   <div class='ocr_carea' id='block_1_7' title="bbox 273 1689 1535 1996">
    <p class='ocr_par' dir='ltr' id='par_1_7' title="bbox 273 1689 1535 1996">
     <span class='ocr_line' id='line_1_13' title="bbox 273 1689 1535 1777; baseline 0.001 -22"><span class='ocrx_word' id='word_1_108' title='bbox 273 1715 335 1756; x_wconf 92' lang='lat' dir='ltr'>non</span> <span class='ocrx_word' id='word_1_109' title='bbox 358 1715 460 1756; x_wconf 90' lang='lat' dir='ltr'>omnes</span> <span class='ocrx_word' id='word_1_110' title='bbox 483 1715 550 1756; x_wconf 93' lang='lat' dir='ltr'>eum</span> <span class='ocrx_word' id='word_1_111' title='bbox 573 1715 762 1756; x_wconf 85' lang='lat' dir='ltr'>enumerasse</span> <span class='ocrx_word' id='word_1_112' title='bbox 775 1695 946 1774; x_wconf 90' lang='lat' dir='ltr'>tragoedias</span> <span class='ocrx_word' id='word_1_113' title='bbox 969 1717 1045 1777; x_wconf 91' lang='lat' dir='ltr'>quas</span> <span class='ocrx_word' id='word_1_114' title='bbox 1067 1698 1206 1777; x_wconf 88' lang='lat' dir='ltr'>potuerit,</span> <span class='ocrx_word' id='word_1_115' title='bbox 1229 1700 1281 1760; x_wconf 89' lang='lat' dir='ltr'>sed</span> <span class='ocrx_word' id='word_1_116' title='bbox 1302 1718 1430 1777; x_wconf 89' lang='lat' dir='ltr'>quarum</span> <span class='ocrx_word' id='word_1_117' title='bbox 1534 1689 1535 1768; x_wconf 71' lang='lat' dir='ltr'>i</span> 
     </span>
     <span class='ocr_line' id='line_1_14' title="bbox 273 1800 1430 1885; baseline 0.002 -21"><span class='ocrx_word' id='word_1_118' title='bbox 273 1803 300 1864; x_wconf 90' lang='lat' dir='ltr'>ei</span> <span class='ocrx_word' id='word_1_119' title='bbox 329 1802 407 1864; x_wconf 87' lang='lat' dir='ltr'>forte</span> <span class='ocrx_word' id='word_1_120' title='bbox 436 1802 468 1862; x_wconf 91' lang='lat' dir='ltr'>in</span> <span class='ocrx_word' id='word_1_121' title='bbox 493 1811 624 1863; x_wconf 90' lang='lat' dir='ltr'>mentem</span> <span class='ocrx_word' id='word_1_122' title='bbox 653 1803 776 1877; x_wconf 87' lang='lat' dir='ltr'>venerit,</span> <span class='ocrx_word' id='word_1_123' title='bbox 807 1823 896 1883; x_wconf 90' lang='lat' dir='ltr'>porro</span> <span class='ocrx_word' id='word_1_124' title='bbox 926 1804 1074 1883; x_wconf 89' lang='lat' dir='ltr'>plurimas</span> <span class='ocrx_word' id='word_1_125' title='bbox 1104 1800 1239 1867; x_wconf 83' lang='lat' dir='ltr'>extitisse</span> <span class='ocrx_word' id='word_1_126' title='bbox 1261 1805 1430 1885; x_wconf 88' lang='lat' dir='ltr'>tragoedias</span> 
     </span>
     <span class='ocr_line' id='line_1_15' title="bbox 274 1909 1430 1996; baseline 0.002 -25"><span class='ocrx_word' id='word_1_127' title='bbox 274 1909 388 1996; x_wconf 77' lang='lat' dir='ltr'>minine</span> <span class='ocrx_word' id='word_1_128' title='bbox 410 1911 574 1990; x_wconf 89' lang='lat' dir='ltr'>ignobiles,</span> <span class='ocrx_word' id='word_1_129' title='bbox 596 1931 673 1990; x_wconf 93' lang='lat' dir='ltr'>quae</span> <span class='ocrx_word' id='word_1_130' title='bbox 694 1910 754 1972; x_wconf 92' lang='lat' dir='ltr'>huc</span> <span class='ocrx_word' id='word_1_131' title='bbox 776 1932 836 1972; x_wconf 88' lang='lat' dir='ltr'>non</span> <span class='ocrx_word' id='word_1_132' title='bbox 858 1912 1065 1992; x_wconf 86' lang='lat' dir='ltr'>pertinuerint,</span> <span class='ocrx_word' id='word_1_133' title='bbox 1088 1912 1216 1992; x_wconf 91' lang='lat' dir='ltr'>denique</span> <span class='ocrx_word' id='word_1_134' title='bbox 1236 1914 1349 1974; x_wconf 90' lang='lat' dir='ltr'>multas</span> <span class='ocrx_word' id='word_1_135' title='bbox 1372 1923 1430 1974; x_wconf 87' lang='lat' dir='ltr'>tra-</span> 
     </span>
    </p>
   </div>
   <div class='ocr_carea' id='block_1_8' title="bbox 272 2018 1535 2641">
    <p class='ocr_par' dir='ltr' id='par_1_8' title="bbox 272 2018 1535 2316">
     <span class='ocr_line' id='line_1_16' title="bbox 272 2018 1429 2100; baseline 0 -20"><span class='ocrx_word' id='word_1_136' title='bbox 272 2018 394 2100; x_wconf 87' lang='lat' dir='ltr'>goedias</span> <span class='ocrx_word' id='word_1_137' title='bbox 416 2019 544 2080; x_wconf 89' lang='lat' dir='ltr'>Latinas</span> <span class='ocrx_word' id='word_1_138' title='bbox 573 2019 605 2079; x_wconf 93' lang='lat' dir='ltr'>in</span> <span class='ocrx_word' id='word_1_139' title='bbox 633 2039 723 2080; x_wconf 89' lang='lat' dir='ltr'>scena</span> <span class='ocrx_word' id='word_1_140' title='bbox 750 2040 818 2081; x_wconf 91' lang='lat' dir='ltr'>eum</span> <span class='ocrx_word' id='word_1_141' title='bbox 840 2020 967 2094; x_wconf 85' lang='lat' dir='ltr'>vidisse,</span> <span class='ocrx_word' id='word_1_142' title='bbox 1000 2041 1091 2100; x_wconf 92' lang='lat' dir='ltr'>quam</span> <span class='ocrx_word' id='word_1_143' title='bbox 1114 2021 1233 2100; x_wconf 87' lang='lat' dir='ltr'>largum</span> <span class='ocrx_word' id='word_1_144' title='bbox 1254 2021 1429 2082; x_wconf 89' lang='lat' dir='ltr'>fabularum</span> 
     </span>
     <span class='ocr_line' id='line_1_17' title="bbox 272 2101 1535 2209; baseline -0.002 -19"><span class='ocrx_word' id='word_1_145' title='bbox 272 2149 383 2209; x_wconf 87' lang='lat' dir='ltr'>penum</span> <span class='ocrx_word' id='word_1_146' title='bbox 411 2128 493 2188; x_wconf 91' lang='lat' dir='ltr'>solae</span> <span class='ocrx_word' id='word_1_147' title='bbox 519 2128 691 2208; x_wconf 88' lang='lat' dir='ltr'>tragoediae</span> <span class='ocrx_word' id='word_1_148' title='bbox 714 2129 741 2188; x_wconf 91' lang='lat' dir='ltr'>ei</span> <span class='ocrx_word' id='word_1_149' title='bbox 762 2129 957 2209; x_wconf 89' lang='lat' dir='ltr'>praebuerint</span> <span class='ocrx_word' id='word_1_150' title='bbox 985 2136 1119 2208; x_wconf 85' lang='lat' dir='ltr'>apparet.</span> <span class='ocrx_word' id='word_1_151' title='bbox 1164 2129 1253 2204; x_wconf 71' lang='lat' dir='ltr'>Quae</span> <span class='ocrx_word' id='word_1_152' title='bbox 1275 2128 1376 2208; x_wconf 89' lang='lat' dir='ltr'>quoad</span> <span class='ocrx_word' id='word_1_153' title='bbox 1398 2128 1430 2188; x_wconf 92' lang='lat' dir='ltr'>in</span> <span class='ocrx_word' id='word_1_154' title='bbox 1534 2101 1535 2128; x_wconf 38' lang='lat' dir='ltr'>i</span> 
     </span>
     <span class='ocr_line' id='line_1_18' title="bbox 272 2235 1095 2316; baseline 0 -18"><span class='ocrx_word' id='word_1_155' title='bbox 272 2235 567 2316; x_wconf 87' lang='lat' dir='ltr'>Metamorphosibus</span> <span class='ocrx_word' id='word_1_156' title='bbox 591 2235 744 2296; x_wconf 85' lang='lat' dir='ltr'>adhibitae</span> <span class='ocrx_word' id='word_1_157' title='bbox 764 2235 826 2297; x_wconf 90' lang='lat' dir='ltr'>sint</span> <span class='ocrx_word' id='word_1_158' title='bbox 846 2236 908 2296; x_wconf 91' lang='lat' dir='ltr'>iam</span> <span class='ocrx_word' id='word_1_159' title='bbox 929 2235 1095 2299; x_wconf 81' lang='lat' dir='ltr'>videamus.</span> 
     </span>
    </p>

    <p class='ocr_par' dir='ltr' id='par_1_9' title="bbox 273 2341 1432 2641">
     <span class='ocr_line' id='line_1_19' title="bbox 376 2341 1429 2424; baseline -0.002 -18"><span class='ocrx_word' id='word_1_160' title='bbox 376 2343 550 2406; x_wconf 80' lang='lat' dir='ltr'>Clarissime</span> <span class='ocrx_word' id='word_1_161' title='bbox 568 2342 741 2422; x_wconf 89' lang='lat' dir='ltr'>tragoediae</span> <span class='ocrx_word' id='word_1_162' title='bbox 759 2363 832 2403; x_wconf 93' lang='lat' dir='ltr'>usus</span> <span class='ocrx_word' id='word_1_163' title='bbox 857 2353 984 2424; x_wconf 90' lang='lat' dir='ltr'>apparet</span> <span class='ocrx_word' id='word_1_164' title='bbox 1003 2344 1035 2404; x_wconf 93' lang='lat' dir='ltr'>in</span> <span class='ocrx_word' id='word_1_165' title='bbox 1048 2343 1196 2404; x_wconf 89' lang='lat' dir='ltr'>Hecubae</span> <span class='ocrx_word' id='word_1_166' title='bbox 1207 2341 1315 2404; x_wconf 82' lang='lat' dir='ltr'>fabula</span> <span class='ocrx_word' id='word_1_167' title='bbox 1325 2342 1429 2422; x_wconf 86' lang='lat' dir='ltr'>(XIII,</span> 
     </span>
     <span class='ocr_line' id='line_1_20' title="bbox 273 2449 1431 2531; baseline 0 -17"><span class='ocrx_word' id='word_1_168' title='bbox 273 2449 465 2530; x_wconf 75' lang='lat' dir='ltr'>rte—575).</span> <span class='ocrx_word' id='word_1_169' title='bbox 509 2451 675 2531; x_wconf 89' lang='lat' dir='ltr'>Postquam</span> <span class='ocrx_word' id='word_1_170' title='bbox 697 2459 787 2531; x_wconf 87' lang='lat' dir='ltr'>poeta</span> <span class='ocrx_word' id='word_1_171' title='bbox 808 2451 917 2512; x_wconf 80' lang='lat' dir='ltr'>Troiae</span> <span class='ocrx_word' id='word_1_172' title='bbox 939 2452 1093 2513; x_wconf 90' lang='lat' dir='ltr'>interitum</span> <span class='ocrx_word' id='word_1_173' title='bbox 1116 2461 1146 2512; x_wconf 91' lang='lat' dir='ltr'>et</span> <span class='ocrx_word' id='word_1_174' title='bbox 1169 2451 1317 2513; x_wconf 88' lang='lat' dir='ltr'>Hecubae</span> <span class='ocrx_word' id='word_1_175' title='bbox 1337 2461 1431 2514; x_wconf 88' lang='lat' dir='ltr'>extre·</span> 
     </span>
     <span class='ocr_line' id='line_1_21' title="bbox 274 2557 1432 2641; baseline -0.002 -19"><span class='ocrx_word' id='word_1_176' title='bbox 274 2583 339 2624; x_wconf 88' lang='lat' dir='ltr'>mas</span> <span class='ocrx_word' id='word_1_177' title='bbox 367 2561 400 2622; x_wconf 92' lang='lat' dir='ltr'>in</span> <span class='ocrx_word' id='word_1_178' title='bbox 422 2561 567 2623; x_wconf 87' lang='lat' dir='ltr'>Hectoris</span> <span class='ocrx_word' id='word_1_179' title='bbox 596 2557 713 2623; x_wconf 89' lang='lat' dir='ltr'>tumulo</span> <span class='ocrx_word' id='word_1_180' title='bbox 743 2560 880 2641; x_wconf 86' lang='lat' dir='ltr'>querelas</span> <span class='ocrx_word' id='word_1_181' title='bbox 912 2559 1029 2635; x_wconf 89' lang='lat' dir='ltr'>attulit,</span> <span class='ocrx_word' id='word_1_182' title='bbox 1064 2560 1164 2621; x_wconf 90' lang='lat' dir='ltr'>subito</span> <span class='ocrx_word' id='word_1_183' title='bbox 1190 2581 1279 2622; x_wconf 84' lang='lat' dir='ltr'>versu</span> <span class='ocrx_word' id='word_1_184' title='bbox 1306 2559 1370 2622; x_wconf 78' lang='lat'>429</span> <span class='ocrx_word' id='word_1_185' title='bbox 1393 2559 1432 2620; x_wconf 90' lang='lat' dir='ltr'>ad</span> 
     </span>
    </p>
   </div>
   <div class='ocr_carea' id='block_1_9' title="bbox 274 2665 1535 2751">
    <p class='ocr_par' dir='ltr' id='par_1_10' title="bbox 274 2665 1535 2751">
     <span class='ocr_line' id='line_1_22' title="bbox 274 2665 1535 2751; baseline -0.005 -19"><span class='ocrx_word' id='word_1_186' title='bbox 274 2671 418 2751; x_wconf 92' lang='lat' dir='ltr'>Polydori</span> <span class='ocrx_word' id='word_1_187' title='bbox 432 2669 498 2731; x_wconf 82' lang='lat' dir='ltr'>fata</span> <span class='ocrx_word' id='word_1_188' title='bbox 515 2670 669 2730; x_wconf 90' lang='lat' dir='ltr'>narranda</span> <span class='ocrx_word' id='word_1_189' title='bbox 690 2670 808 2744; x_wconf 90' lang='lat' dir='ltr'>transit,</span> <span class='ocrx_word' id='word_1_190' title='bbox 830 2678 860 2731; x_wconf 92' lang='lat' dir='ltr'>et</span> <span class='ocrx_word' id='word_1_191' title='bbox 883 2691 972 2732; x_wconf 90' lang='lat' dir='ltr'>versu</span> <span class='ocrx_word' id='word_1_192' title='bbox 982 2669 1045 2734; x_wconf 83' lang='lat'>439</span> <span class='ocrx_word' id='word_1_193' title='bbox 1059 2690 1162 2730; x_wconf 89' lang='lat' dir='ltr'>rursus</span> <span class='ocrx_word' id='word_1_194' title='bbox 1179 2669 1311 2731; x_wconf 89' lang='lat' dir='ltr'>adventu</span> <span class='ocrx_word' id='word_1_195' title='bbox 1326 2669 1431 2730; x_wconf 88' lang='lat' dir='ltr'>classis</span> <span class='ocrx_word' id='word_1_196' title='bbox 1534 2665 1535 2702; x_wconf 73' lang='grc' dir='ltr'>ἶ</span> 
     </span>
    </p>
   </div>
   <div class='ocr_carea' id='block_1_10' title="bbox 274 2777 1429 2857">
    <p class='ocr_par' dir='ltr' id='par_1_11' title="bbox 274 2777 1429 2857">
     <span class='ocr_line' id='line_1_23' title="bbox 274 2777 1429 2857; baseline -0.004 -17"><span class='ocrx_word' id='word_1_197' title='bbox 274 2779 410 2841; x_wconf 84' lang='lat' dir='ltr'>Graecae</span> <span class='ocrx_word' id='word_1_198' title='bbox 439 2778 471 2838; x_wconf 93' lang='lat' dir='ltr'>in</span> <span class='ocrx_word' id='word_1_199' title='bbox 502 2777 631 2839; x_wconf 87' lang='lat' dir='ltr'>Thracio</span> <span class='ocrx_word' id='word_1_200' title='bbox 658 2777 746 2840; x_wconf 89' lang='lat' dir='ltr'>litore</span> <span class='ocrx_word' id='word_1_201' title='bbox 776 2777 928 2838; x_wconf 90' lang='lat' dir='ltr'>narrando</span> <span class='ocrx_word' id='word_1_202' title='bbox 957 2778 1070 2857; x_wconf 82' lang='lat' dir='ltr'>pergit,</span> <span class='ocrx_word' id='word_1_203' title='bbox 1098 2786 1133 2836; x_wconf 88' lang='lat' dir='ltr'>ut</span> <span class='ocrx_word' id='word_1_204' title='bbox 1160 2777 1217 2836; x_wconf 92' lang='lat' dir='ltr'>hae</span> <span class='ocrx_word' id='word_1_205' title='bbox 1239 2777 1429 2836; x_wconf 90' lang='lat' dir='ltr'>narrationes</span> 
     </span>
    </p>
   </div>
   <div class='ocr_carea' id='block_1_11' title="bbox 274 2882 1535 2968">
    <p class='ocr_par' dir='ltr' id='par_1_12' title="bbox 274 2882 1535 2968">
     <span class='ocr_line' id='line_1_24' title="bbox 274 2882 1535 2968; baseline -0.005 -21"><span class='ocrx_word' id='word_1_206' title='bbox 274 2888 366 2968; x_wconf 88' lang='lat' dir='ltr'>plane</span> <span class='ocrx_word' id='word_1_207' title='bbox 387 2908 449 2947; x_wconf 89' lang='lat' dir='ltr'>non</span> <span class='ocrx_word' id='word_1_208' title='bbox 472 2886 630 2948; x_wconf 88' lang='lat' dir='ltr'>cohaerere</span> <span class='ocrx_word' id='word_1_209' title='bbox 649 2885 818 2949; x_wconf 83' lang='lat' dir='ltr'>videantur.</span> <span class='ocrx_word' id='word_1_210' title='bbox 864 2884 962 2964; x_wconf 87' lang='lat' dir='ltr'>Atqui</span> <span class='ocrx_word' id='word_1_211' title='bbox 984 2904 1140 2963; x_wconf 90' lang='lat' dir='ltr'>nunquam</span> <span class='ocrx_word' id='word_1_212' title='bbox 1163 2882 1312 2945; x_wconf 85' lang='lat' dir='ltr'>mehercle</span> <span class='ocrx_word' id='word_1_213' title='bbox 1334 2883 1377 2944; x_wconf 91' lang='lat' dir='ltr'>sic</span> <span class='ocrx_word' id='word_1_214' title='bbox 1395 2882 1433 2942; x_wconf 92' lang='lat' dir='ltr'>de</span> <span class='ocrx_word' id='word_1_215' title='bbox 1534 2941 1535 2958; x_wconf 47' lang='lat'>,</span> 
     </span>
    </p>
   </div>
   <div class='ocr_carea' id='block_1_12' title="bbox 277 2961 1535 3074">
    <p class='ocr_par' dir='ltr' id='par_1_13' title="bbox 277 2961 1535 3074">
     <span class='ocr_line' id='line_1_25' title="bbox 277 2961 1535 3074; baseline -0.004 -18"><span class='ocrx_word' id='word_1_216' title='bbox 277 3017 331 3058; x_wconf 93' lang='lat' dir='ltr'>suo</span> <span class='ocrx_word' id='word_1_217' title='bbox 353 3003 491 3056; x_wconf 88' lang='lat' dir='ltr'>narraret</span> <span class='ocrx_word' id='word_1_218' title='bbox 513 2993 655 3068; x_wconf 82' lang='lat' dir='ltr'>Ovidius,</span> <span class='ocrx_word' id='word_1_219' title='bbox 688 2993 740 3074; x_wconf 92' lang='lat' dir='ltr'>qui</span> <span class='ocrx_word' id='word_1_220' title='bbox 771 2989 919 3054; x_wconf 90' lang='lat' dir='ltr'>summam</span> <span class='ocrx_word' id='word_1_221' title='bbox 940 2991 1053 3071; x_wconf 92' lang='lat' dir='ltr'>ubique</span> <span class='ocrx_word' id='word_1_222' title='bbox 1075 2999 1170 3053; x_wconf 85' lang='lat' dir='ltr'>artem</span> <span class='ocrx_word' id='word_1_223' title='bbox 1191 2992 1223 3052; x_wconf 93' lang='lat' dir='ltr'>in</span> <span class='ocrx_word' id='word_1_224' title='bbox 1243 3011 1278 3052; x_wconf 90' lang='lat' dir='ltr'>eo</span> <span class='ocrx_word' id='word_1_225' title='bbox 1296 2991 1433 3064; x_wconf 86' lang='lat' dir='ltr'>collocat,</span> <span class='ocrx_word' id='word_1_226' title='bbox 1534 2961 1535 2992; x_wconf 41' lang='lat' dir='ltr'>i</span> 
     </span>
    </p>
   </div>
   <div class='ocr_carea' id='block_1_13' title="bbox 275 3088 1535 3302">
    <p class='ocr_par' dir='ltr' id='par_1_14' title="bbox 275 3088 1535 3302">
     <span class='ocr_line' id='line_1_26' title="bbox 275 3088 1535 3183; baseline -0.007 -17"><span class='ocrx_word' id='word_1_227' title='bbox 275 3114 310 3166; x_wconf 92' lang='lat' dir='ltr'>ut</span> <span class='ocrx_word' id='word_1_228' title='bbox 335 3104 479 3166; x_wconf 86' lang='lat' dir='ltr'>continua</span> <span class='ocrx_word' id='word_1_229' title='bbox 501 3123 597 3183; x_wconf 89' lang='lat' dir='ltr'>neque</span> <span class='ocrx_word' id='word_1_230' title='bbox 618 3102 682 3164; x_wconf 95' lang='lat' dir='ltr'>ullo</span> <span class='ocrx_word' id='word_1_231' title='bbox 705 3103 771 3164; x_wconf 89' lang='lat' dir='ltr'>looo</span> <span class='ocrx_word' id='word_1_232' title='bbox 790 3101 961 3182; x_wconf 89' lang='lat' dir='ltr'>interrupta</span> <span class='ocrx_word' id='word_1_233' title='bbox 982 3098 1093 3162; x_wconf 85' lang='lat' dir='ltr'>evadat</span> <span class='ocrx_word' id='word_1_234' title='bbox 1107 3088 1249 3173; x_wconf 89' lang='lat' dir='ltr'>narratio,</span> <span class='ocrx_word' id='word_1_235' title='bbox 1272 3099 1323 3160; x_wconf 89' lang='lat' dir='ltr'>sed</span> <span class='ocrx_word' id='word_1_236' title='bbox 1345 3099 1433 3159; x_wconf 90' lang='lat' dir='ltr'>utin</span> <span class='ocrx_word' id='word_1_237' title='bbox 1534 3139 1535 3144; x_wconf 20' lang='grc' dir='ltr'><strong><em>κ</em></strong></span> 
     </span>
     <span class='ocr_line' id='line_1_27' title="bbox 277 3207 1535 3302; baseline -0.007 -27"><span class='ocrx_word' id='word_1_238' title='bbox 277 3222 452 3294; x_wconf 88' lang='lat' dir='ltr'>argumento</span> <span class='ocrx_word' id='word_1_239' title='bbox 465 3212 648 3293; x_wconf 90' lang='lat' dir='ltr'>Euripideae</span> <span class='ocrx_word' id='word_1_240' title='bbox 658 3211 807 3273; x_wconf 79' lang='lat' dir='ltr'>Hecubae</span> <span class='ocrx_word' id='word_1_241' title='bbox 822 3209 938 3272; x_wconf 86' lang='lat' dir='ltr'>factum</span> <span class='ocrx_word' id='word_1_242' title='bbox 960 3217 1014 3282; x_wconf 88' lang='lat' dir='ltr'>est,</span> <span class='ocrx_word' id='word_1_243' title='bbox 1037 3208 1181 3289; x_wconf 90' lang='lat' dir='ltr'>Polydori</span> <span class='ocrx_word' id='word_1_244' title='bbox 1198 3216 1324 3270; x_wconf 90' lang='lat' dir='ltr'>mortem</span> <span class='ocrx_word' id='word_1_245' title='bbox 1349 3207 1432 3268; x_wconf 89' lang='lat' dir='ltr'>addi·</span> <span class='ocrx_word' id='word_1_246' title='bbox 1534 3279 1535 3302; x_wconf 11' lang='grc' dir='ltr'>ἶ</span> 
     </span>
    </p>
   </div>
   <div class='ocr_carea' id='block_1_14' title="bbox 225 3315 1433 3941">
    <p class='ocr_par' dir='ltr' id='par_1_15' title="bbox 225 3315 1433 3941">
     <span class='ocr_line' id='line_1_28' title="bbox 276 3315 1433 3402; baseline -0.007 -20"><span class='ocrx_word' id='word_1_247' title='bbox 276 3323 378 3396; x_wconf 89' lang='lat' dir='ltr'>disset,</span> <span class='ocrx_word' id='word_1_248' title='bbox 408 3343 476 3383; x_wconf 89' lang='lat' dir='ltr'>oum</span> <span class='ocrx_word' id='word_1_249' title='bbox 506 3342 614 3402; x_wconf 87' lang='lat' dir='ltr'>corpus</span> <span class='ocrx_word' id='word_1_250' title='bbox 645 3321 709 3381; x_wconf 92' lang='lat' dir='ltr'>eius</span> <span class='ocrx_word' id='word_1_251' title='bbox 738 3320 769 3381; x_wconf 90' lang='lat' dir='ltr'>in</span> <span class='ocrx_word' id='word_1_252' title='bbox 799 3319 886 3381; x_wconf 91' lang='lat' dir='ltr'>litore</span> <span class='ocrx_word' id='word_1_253' title='bbox 914 3319 1070 3380; x_wconf 88' lang='lat' dir='ltr'>inventum</span> <span class='ocrx_word' id='word_1_254' title='bbox 1097 3337 1160 3378; x_wconf 89' lang='lat' dir='ltr'>esse</span> <span class='ocrx_word' id='word_1_255' title='bbox 1180 3325 1342 3378; x_wconf 89' lang='lat' dir='ltr'>narrasset.</span> <span class='ocrx_word' id='word_1_256' title='bbox 1387 3315 1433 3376; x_wconf 82' lang='lat' dir='ltr'>At</span> 
     </span>
     <span class='ocr_line' id='line_1_29' title="bbox 278 3424 1432 3510; baseline -0.01 -18"><span class='ocrx_word' id='word_1_257' title='bbox 278 3440 342 3492; x_wconf 90' lang='lat' dir='ltr'>arte</span> <span class='ocrx_word' id='word_1_258' title='bbox 370 3429 504 3510; x_wconf 89' lang='lat' dir='ltr'>sequitur</span> <span class='ocrx_word' id='word_1_259' title='bbox 534 3429 631 3510; x_wconf 90' lang='lat' dir='ltr'>ipsam</span> <span class='ocrx_word' id='word_1_260' title='bbox 662 3427 818 3507; x_wconf 88' lang='lat' dir='ltr'>Euripidis</span> <span class='ocrx_word' id='word_1_261' title='bbox 850 3425 1046 3506; x_wconf 89' lang='lat' dir='ltr'>tragoediam,</span> <span class='ocrx_word' id='word_1_262' title='bbox 1080 3432 1110 3485; x_wconf 90' lang='lat' dir='ltr'>et</span> <span class='ocrx_word' id='word_1_263' title='bbox 1140 3424 1278 3486; x_wconf 89' lang='lat' dir='ltr'>versibus</span> <span class='ocrx_word' id='word_1_264' title='bbox 1311 3425 1432 3504; x_wconf 90' lang='lat' dir='ltr'>quidem</span> 
     </span>
     <span class='ocr_line' id='line_1_30' title="bbox 276 3529 1431 3615; baseline -0.01 -16"><span class='ocrx_word' id='word_1_265' title='bbox 276 3537 339 3600; x_wconf 78' lang='lat'>429</span> <span class='ocrx_word' id='word_1_266' title='bbox 354 3537 448 3598; x_wconf 84' lang='grc'>-448</span> <span class='ocrx_word' id='word_1_267' title='bbox 469 3536 589 3598; x_wconf 90' lang='lat' dir='ltr'>easdem</span> <span class='ocrx_word' id='word_1_268' title='bbox 611 3557 658 3598; x_wconf 90' lang='lat' dir='ltr'>res</span> <span class='ocrx_word' id='word_1_269' title='bbox 682 3544 772 3615; x_wconf 90' lang='lat' dir='ltr'>atque</span> <span class='ocrx_word' id='word_1_270' title='bbox 794 3535 899 3596; x_wconf 89' lang='lat' dir='ltr'>eodem</span> <span class='ocrx_word' id='word_1_271' title='bbox 928 3533 1031 3595; x_wconf 87' lang='lat' dir='ltr'>ordine</span> <span class='ocrx_word' id='word_1_272' title='bbox 1051 3541 1156 3594; x_wconf 90' lang='lat' dir='ltr'>narrat</span> <span class='ocrx_word' id='word_1_273' title='bbox 1178 3553 1254 3612; x_wconf 91' lang='lat' dir='ltr'>quas</span> <span class='ocrx_word' id='word_1_274' title='bbox 1276 3529 1431 3611; x_wconf 85' lang='lat' dir='ltr'>Euripidis</span> 
     </span>
     <span class='ocr_line' id='line_1_31' title="bbox 278 3633 1432 3727; baseline -0.01 -19"><span class='ocrx_word' id='word_1_275' title='bbox 278 3646 422 3727; x_wconf 88' lang='lat' dir='ltr'>prologus</span> <span class='ocrx_word' id='word_1_276' title='bbox 434 3645 570 3708; x_wconf 88' lang='lat' dir='ltr'>versibus</span> <span class='ocrx_word' id='word_1_277' title='bbox 586 3643 690 3705; x_wconf 81' lang='lat'>1-58</span> <span class='ocrx_word' id='word_1_278' title='bbox 703 3643 843 3718; x_wconf 90' lang='lat' dir='ltr'>continet,</span> <span class='ocrx_word' id='word_1_279' title='bbox 862 3643 912 3704; x_wconf 92' lang='lat' dir='ltr'>sed</span> <span class='ocrx_word' id='word_1_280' title='bbox 928 3642 1049 3706; x_wconf 89' lang='lat' dir='ltr'>brevius</span> <span class='ocrx_word' id='word_1_281' title='bbox 1069 3662 1182 3722; x_wconf 90' lang='lat' dir='ltr'>suoque</span> <span class='ocrx_word' id='word_1_282' title='bbox 1201 3641 1297 3702; x_wconf 90' lang='lat' dir='ltr'>colore</span> <span class='ocrx_word' id='word_1_283' title='bbox 1305 3633 1432 3718; x_wconf 82' lang='lat' dir='ltr'>poetico.</span> 
     </span>
     <span class='ocr_line' id='line_1_32' title="bbox 225 3739 1432 3835; baseline -0.013 -16"><span class='ocrx_word' id='word_1_284' title='bbox 225 3739 228 3746; x_wconf 29' lang='grc' dir='ltr'>Ι</span> <span class='ocrx_word' id='word_1_285' title='bbox 275 3755 395 3818; x_wconf 89' lang='lat' dir='ltr'>Deinde</span> <span class='ocrx_word' id='word_1_286' title='bbox 418 3755 597 3816; x_wconf 84' lang='lat' dir='ltr'>commatico</span> <span class='ocrx_word' id='word_1_287' title='bbox 616 3754 739 3835; x_wconf 89' lang='lat' dir='ltr'>parodo,</span> <span class='ocrx_word' id='word_1_288' title='bbox 765 3753 890 3814; x_wconf 89' lang='lat' dir='ltr'>stasimo</span> <span class='ocrx_word' id='word_1_289' title='bbox 912 3753 1018 3833; x_wconf 89' lang='lat' dir='ltr'>primo,</span> <span class='ocrx_word' id='word_1_290' title='bbox 1045 3750 1189 3812; x_wconf 89' lang='lat' dir='ltr'>sermonis</span> <span class='ocrx_word' id='word_1_291' title='bbox 1209 3749 1287 3808; x_wconf 89' lang='lat' dir='ltr'>iuter</span> <span class='ocrx_word' id='word_1_292' title='bbox 1307 3745 1432 3826; x_wconf 84' lang='lat' dir='ltr'>Talthy-</span> 
     </span>
     <span class='ocr_line' id='line_1_33' title="bbox 276 3855 1433 3941; baseline -0.011 -16"><span class='ocrx_word' id='word_1_293' title='bbox 276 3865 360 3926; x_wconf 90' lang='lat' dir='ltr'>bium</span> <span class='ocrx_word' id='word_1_294' title='bbox 391 3872 421 3924; x_wconf 90' lang='lat' dir='ltr'>et</span> <span class='ocrx_word' id='word_1_295' title='bbox 452 3863 614 3924; x_wconf 88' lang='lat' dir='ltr'>Hecubam</span> <span class='ocrx_word' id='word_1_296' title='bbox 646 3862 732 3923; x_wconf 92' lang='lat' dir='ltr'>initio</span> <span class='ocrx_word' id='word_1_297' title='bbox 762 3861 880 3924; x_wconf 90' lang='lat' dir='ltr'>omissis</span> <span class='ocrx_word' id='word_1_298' title='bbox 912 3871 942 3923; x_wconf 90' lang='lat' dir='ltr'>et</span> <span class='ocrx_word' id='word_1_299' title='bbox 971 3860 1068 3941; x_wconf 90' lang='lat' dir='ltr'>primo</span> <span class='ocrx_word' id='word_1_300' title='bbox 1102 3855 1236 3937; x_wconf 90' lang='lat' dir='ltr'>episodio</span> <span class='ocrx_word' id='word_1_301' title='bbox 1267 3855 1298 3914; x_wconf 91' lang='lat' dir='ltr'>in</span> <span class='ocrx_word' id='word_1_302' title='bbox 1329 3873 1433 3916; x_wconf 86' lang='lat' dir='ltr'>versus</span> 
     </span>
    </p>
   </div>
   <div class='ocr_carea' id='block_1_15' title="bbox 277 3961 1434 4487">
    <p class='ocr_par' dir='ltr' id='par_1_16' title="bbox 277 3961 1434 4487">
     <span class='ocr_line' id='line_1_34' title="bbox 277 3961 1433 4046; baseline -0.01 -14"><span class='ocrx_word' id='word_1_303' title='bbox 277 3969 449 4033; x_wconf 78' lang='lat'>449-452</span> <span class='ocrx_word' id='word_1_304' title='bbox 472 3980 575 4032; x_wconf 89' lang='lat' dir='ltr'>coacto</span> <span class='ocrx_word' id='word_1_305' title='bbox 598 3971 735 4034; x_wconf 89' lang='lat' dir='ltr'>versibus</span> <span class='ocrx_word' id='word_1_306' title='bbox 758 3965 1109 4046; x_wconf 76' lang='lat' dir='ltr'>453-580Ta1thybii</span> <span class='ocrx_word' id='word_1_307' title='bbox 1135 3963 1269 4024; x_wconf 87' lang='lat' dir='ltr'>narratio</span> <span class='ocrx_word' id='word_1_308' title='bbox 1290 3961 1433 4022; x_wconf 90' lang='lat' dir='ltr'>redditur.</span> 
     </span>
     <span class='ocr_line' id='line_1_35' title="bbox 279 4074 1433 4160; baseline -0.012 -18"><span class='ocrx_word' id='word_1_309' title='bbox 279 4082 315 4143; x_wconf 91' lang='lat' dir='ltr'>In</span> <span class='ocrx_word' id='word_1_310' title='bbox 338 4099 399 4160; x_wconf 89' lang='lat' dir='ltr'>qua</span> <span class='ocrx_word' id='word_1_311' title='bbox 412 4088 475 4140; x_wconf 88' lang='lat' dir='ltr'>tam</span> <span class='ocrx_word' id='word_1_312' title='bbox 498 4089 563 4141; x_wconf 87' lang='lat' dir='ltr'>arte</span> <span class='ocrx_word' id='word_1_313' title='bbox 586 4075 721 4159; x_wconf 85' lang='lat' dir='ltr'>sequitur</span> <span class='ocrx_word' id='word_1_314' title='bbox 742 4078 936 4159; x_wconf 89' lang='lat' dir='ltr'>tragoediam,</span> <span class='ocrx_word' id='word_1_315' title='bbox 959 4085 994 4136; x_wconf 93' lang='lat' dir='ltr'>ut</span> <span class='ocrx_word' id='word_1_316' title='bbox 1015 4095 1081 4136; x_wconf 91' lang='lat' dir='ltr'>eam</span> <span class='ocrx_word' id='word_1_317' title='bbox 1103 4074 1201 4153; x_wconf 88' lang='lat' dir='ltr'>ipsam</span> <span class='ocrx_word' id='word_1_318' title='bbox 1221 4078 1342 4152; x_wconf 89' lang='lat' dir='ltr'>praesto</span> <span class='ocrx_word' id='word_1_319' title='bbox 1365 4091 1433 4130; x_wconf 90' lang='lat' dir='ltr'>eum</span> 
     </span>
     <span class='ocr_line' id='line_1_36' title="bbox 277 4183 1433 4272; baseline -0.01 -21"><span class='ocrx_word' id='word_1_320' title='bbox 277 4189 429 4262; x_wconf 91' lang='lat' dir='ltr'>habuisse,</span> <span class='ocrx_word' id='word_1_321' title='bbox 452 4209 512 4248; x_wconf 95' lang='lat' dir='ltr'>non</span> <span class='ocrx_word' id='word_1_322' title='bbox 534 4209 571 4249; x_wconf 92' lang='lat' dir='ltr'>ex</span> <span class='ocrx_word' id='word_1_323' title='bbox 592 4189 736 4250; x_wconf 92' lang='lat' dir='ltr'>memoria</span> <span class='ocrx_word' id='word_1_324' title='bbox 760 4197 813 4249; x_wconf 93' lang='lat' dir='ltr'>aut</span> <span class='ocrx_word' id='word_1_325' title='bbox 836 4209 872 4248; x_wconf 89' lang='lat' dir='ltr'>ex</span> <span class='ocrx_word' id='word_1_326' title='bbox 896 4186 1024 4272; x_wconf 80' lang='lat' dir='ltr'>epitome</span> <span class='ocrx_word' id='word_1_327' title='bbox 1052 4183 1155 4264; x_wconf 85' lang='lat' dir='ltr'>aliqua</span> <span class='ocrx_word' id='word_1_328' title='bbox 1176 4199 1300 4241; x_wconf 88' lang='lat' dir='ltr'>narrare</span> <span class='ocrx_word' id='word_1_329' title='bbox 1321 4187 1433 4259; x_wconf 87' lang='lat' dir='ltr'>pateat.</span> 
     </span>
     <span class='ocr_line' id='line_1_37' title="bbox 278 4289 1434 4379; baseline -0.012 -19"><span class='ocrx_word' id='word_1_330' title='bbox 278 4298 394 4360; x_wconf 84' lang='lat' dir='ltr'>Tamen</span> <span class='ocrx_word' id='word_1_331' title='bbox 408 4297 629 4378; x_wconf 89' lang='lat' dir='ltr'>discrepantiae</span> <span class='ocrx_word' id='word_1_332' title='bbox 646 4306 803 4379; x_wconf 87' lang='lat' dir='ltr'>apparent.</span> <span class='ocrx_word' id='word_1_333' title='bbox 835 4295 947 4357; x_wconf 90' lang='lat' dir='ltr'>Inserit</span> <span class='ocrx_word' id='word_1_334' title='bbox 969 4292 1098 4354; x_wconf 90' lang='lat' dir='ltr'>orationi</span> <span class='ocrx_word' id='word_1_335' title='bbox 1118 4290 1276 4370; x_wconf 86' lang='lat' dir='ltr'>Polyxena</span> <span class='ocrx_word' id='word_1_336' title='bbox 1298 4289 1434 4369; x_wconf 90' lang='lat' dir='ltr'>querelas</span> 
     </span>
     <span class='ocr_line' id='line_1_38' title="bbox 279 4397 1434 4487; baseline -0.01 -19"><span class='ocrx_word' id='word_1_337' title='bbox 279 4407 315 4468; x_wconf 91' lang='lat' dir='ltr'>de</span> <span class='ocrx_word' id='word_1_338' title='bbox 337 4416 433 4469; x_wconf 87' lang='lat' dir='ltr'>matre</span> <span class='ocrx_word' id='word_1_339' title='bbox 453 4407 518 4468; x_wconf 88' lang='lat' dir='ltr'>sola</span> <span class='ocrx_word' id='word_1_340' title='bbox 540 4408 653 4482; x_wconf 91' lang='lat' dir='ltr'>relicta,</span> <span class='ocrx_word' id='word_1_341' title='bbox 677 4427 754 4487; x_wconf 89' lang='lat' dir='ltr'>quae</span> <span class='ocrx_word' id='word_1_342' title='bbox 776 4405 857 4487; x_wconf 87' lang='lat' dir='ltr'>apud</span> <span class='ocrx_word' id='word_1_343' title='bbox 882 4403 1058 4484; x_wconf 84' lang='lat' dir='ltr'>Euripidem</span> <span class='ocrx_word' id='word_1_344' title='bbox 1082 4401 1142 4461; x_wconf 92' lang='lat' dir='ltr'>iam</span> <span class='ocrx_word' id='word_1_345' title='bbox 1166 4398 1274 4460; x_wconf 86' lang='lat' dir='ltr'>cantici</span> <span class='ocrx_word' id='word_1_346' title='bbox 1297 4397 1434 4459; x_wconf 85' lang='lat' dir='ltr'>versibus</span> 
     </span>
    </p>
   </div>
   <div class='ocr_carea' id='block_1_16' title="bbox 0 0 1565 4988">
    <p class='ocr_par' dir='ltr' id='par_1_17' title="bbox 0 0 1565 4988">
     <span class='ocr_line' id='line_1_39' title="bbox 0 0 1565 4988; baseline 0 0"><span class='ocrx_word' id='word_1_347' title='bbox 0 0 1565 4988; x_wconf 95' lang='lat' dir='ltr'> </span> 
     </span>
    </p>
   </div>
  </div>
 </body>
</html>
