3106 4988
611 399 652 410 ...
695 363 822 438 23.-

141 536 188 597 011.
211 535 336 610 Errores
358 536 428 617 ipsi.
439 544 587 617 coguntur
600 535 632 596 10
645 557 759 617 paucos
771 556 876 601 versus
890 530 1298 602 438-44501462-463.

108 643 112 650 ’
139 644 330 714 Fabularum
359 644 511 710 (1000100
540 654 570 706 01
596 645 762 720 Metanira,
789 643 900 706 Helice
931 653 961 705 et
989 643 1071 718 Sole,
1094 643 1245 706 Mercurio
1266 645 1299 707 in

140 750 254 813 Orcum
273 751 373 826 misso,
394 752 578 832 Triptolemo
600 752 699 814 locum
720 760 825 814 tenent
839 750 1120 814 transformationes
1139 751 1296 827 Ascalahi‚

141 859 270 940 Cyanes,
295 859 474 934 Arethusae,
496 859 673 941 Ascalaphi,
697 861 843 934 Sirenum,
868 859 976 940 Lynci.

243 967 409 1030 Incertiora
429 966 525 1029 multo
547 967 585 1028 de
604 968 648 1030 *Jo
662 967 773 1029 omnia
794 975 873 1029 sunt.
918 966 1008 1028 Haec
1028 965 1137 1026 fabula
1154 965 1186 1025 in
1202 966 1299 1028 Meta·

141 1072 352 1154 morphosibus
375 1074 416 1152 (I,
440 1071 632 1156 582-747)
656 1084 747 1156 atque
765 1075 797 1134 in
819 1073 961 1154 Epistola
979 1082 1089 1154 quarta
1109 1073 1225 1134 decima
1248 1075 1299 1135 ad·

140 1181 264 1242 modum
292 1181 429 1244 similiter
457 1192 606 1244 narratur.
657 1183 765 1264 Neque
791 1183 871 1245 enim
904 1182 1016 1262 singuli
1044 1202 1149 1245 versus
1178 1191 1299 1244 tantum

139 1287 264 1350 mirifice
292 1283 369 1351 inter
399 1310 431 1352 se
458 1298 642 1370 congruunt,
673 1300 708 1352 ut
736 1291 810 1360 Met.
840 1311 917 1352 vers.
948 1286 1128 1351 632-634
1149 1310 1217 1351 curn
1239 1290 1298 1370 Ep.

140 1393 230 1456 96-
244 1393 320 1470 100,
344 1397 419 1459 Μο1.
443 1396 627 1460 638-641
650 1419 718 1461 cum
741 1399 799 1478 Ep.
822 1395 1040 1486 89-92,00(1
1060 1396 1151 1458 etiam
1173 1405 1301 1476 utroque

139 1502 217 1565 loco·
229 1523 348 1564 summa
368 1503 493 1566 fabulae
515 1505 546 1564 in
568 1505 689 1566 miseria
710 1525 802 1585 00000
820 1505 906 1584 virgo
919 1511 989 1583 post
1003 1501 1300 1582 transformationem

139 1630 283 1692 perpessa
303 1611 351 1686 sit,
373 1620 404 1673 01
425 1611 641 1672 consuetudine
665 1613 729 1691 ejus
752 1633 820 1673 curn
840 1619 927 1690 patre
948 1610 1147 1672 describenda
1168 1609 1299 1691 ponitur.

138 1717 256 1779 Verum
278 1738 339 1777 non
362 1717 460 1778 solum
477 1718 621 1781 Ovidium
644 1718 725 1781 hanc
745 1718 935 1799 potissimum
957 1717 1082 1779 fabulae
1103 1725 1220 1797 partem
1231 1736 1299 1797 poe·

140 1823 199 1883 tice
221 1822 385 1885 adornasse
405 1823 502 1886 elucet
515 1846 552 1886 ex
566 1825 704 1887 Luciano
726 1825 775 1903 (de
797 1825 865 1888 0011.
887 1824 950 1902 45),
973 1845 1012 1886 ex
1020 1822 1176 1885 Parthenii
1197 1842 1300 1882 narra·

141 1929 223 1991 tione
244 1930 385 2006 secunda,
407 1933 439 1992 in
462 1953 523 2012 000
539 1933 672 1995 Inachus
690 1954 791 1996 servos
813 1933 908 1994 mittit
926 1933 978 2012 qui
999 1931 1094 1993 ffliam
1109 1931 1299 2010 investigent,

141 2035 270 2118 denique
300 2057 338 2098 ex
367 2035 455 2101 Calvi
481 2037 660 2118 fragmentis
693 2037 722 2112 9,
753 2036 801 2113 10,
832 2035 870 2098 11
901 2038 1039 2101 Mueller.
1083 2038 1300 2116 Fragmentum

142 2141 182 2205 10
204 2153 283 2206 certe
298 2165 395 2226 neque
411 2145 450 2207 ad
464 2145 617 2209 Junonem
625 2145 740 2208 furtum
750 2146 837 2210 Jovis
861 2147 1065 2226 suspicantem
1088 2165 1185 2226 00000
1209 2144 1299 2206 ad'Jo

118 2283 121 2289 <
139 2253 162 2316 J
163 2273 250 2316 ovem
271 2253 435 2333 fugientem
456 2254 593 2335 pertinet,
613 2255 665 2316 sed
688 2243 727 2316 ad
753 2254 901 2316 Inachum
931 2274 1034 2316 casum
1047 2235 1050 2242 ¹
1063 2253 1143 2315 filiae
1170 2252 1300 2314 amissae

139 2361 335 2424 divinantem.
364 2361 452 2440 Quae
465 2362 636 2442 fragmenta
655 2384 724 2424 oum
738 2372 906 2444 congruant
927 2383 996 2425 cum
1014 2361 1300 2442 Metamorphoseon

138 2468 275 2532 versibus
299 2468 371 2543 631,
395 2467 466 2545 587,
491 2469 562 2544 714,
584 2470 712 2532 eundem
735 2480 887 2532 auctorem
907 2491 957 2532 000
980 2479 1097 2532 secutos
1120 2490 1184 2531 csse
1206 2472 1298 2548 patet.

140 2575 247 2656 Neque
266 2576 346 2638 enim
369 2577 432 2639 veri
455 2577 552 2638 simile
572 2585 625 2652 est,
646 2599 684 2639 ex
705 2579 771 2659 ipso
783 2579 879 2642 Calvo
902 2577 1046 2642 Ovidium
1068 2577 1126 2638 hoc
1147 2577 1213 2638 loco
1224 2577 1299 2637 hau-

140 2685 221 2746 sisse.
266 2683 349 2745 Nam
375 2683 547 2764 ubicunque
570 2693 690 2766 poetam
710 2687 856 2748 Latinum
879 2685 1010 2760 adhibet,
1040 2694 1074 2746 ut
1105 2685 1143 2746 de
1162 2684 1298 2766 Vergilio

139 2791 242 2853 multis
264 2791 338 2854 locis
363 2801 490 2867 constat,
513 2813 590 2874 quae
611 2792 663 2855 ille
691 2794 813 2856 uberius
840 2794 1001 2869 tractavit,
1030 2794 1062 2854 in
1092 2794 1183 2857 breve
1209 2793 1297 2873 cogit,

139 2920 216 2981 0000
235 2900 334 2981 tetigit
355 2908 475 2964 tantum
500 2901 560 2976 ille,
581 2912 672 2983 auget
695 2912 785 2982 atque
807 2901 925 2977 dilatat,
948 2911 982 2964 01
1003 2923 1125 2982 prorsus
1143 2923 1299 2989 nova-esse

138 3008 278 3070 videatur
293 3010 436 3072 narratio.
480 3009 595 3072 Calvus
618 3020 718 3072 autem
742 3011 812 3092 sine,
829 3009 921 3071 dubio
945 3031 1065 3072 carmen
1081 3010 1231 3073 Graecum
1255 3031 1298 3072 se·

139 3124 226 3176 cutus
249 3125 309 3190 est,
340 3117 372 3176 in
389 3099 462 3196 000,
485 3126 521 3177 01
546 3116 757 3196 efragmentis
782 3115 830 3191 12,
856 3117 904 3192 13,
928 3118 969 3179 14
988 3126 1123 3199 apparet,
1141 3116 1232 3178 etiarn
1254 3137 1298 3180 er-

140 3239 220 3280 rores
243 3230 273 3280 ct
295 3222 444 3296 restitutio
467 3223 499 3282 in
520 3223 680 3302 pristinam
702 3223 829 3303 figuram
850 3233 976 3286 narrata
991 3234 1093 3298 erant;
1114 3245 1211 3305 neque
1220 3247 1298 3306 0000

141 3327 322 3389 antecedunt
344 3328 441 3390 omitti
463 3337 533 3409 apte
545 3337 694 3410 poterant.
738 3331 847 3411 Itaque
862 3340 1001 3393 cunctam
1013 3332 1297 3414 Metamorphoseon

139 3436 342 3498 narrationem
365 3457 403 3498 ex
425 3438 527 3500 eodem
550 3436 634 3500 fonte
654 3438 797 3500 haustam
814 3459 879 3499 esse
900 3447 973 3519 puto
997 3449 1122 3520 excepta
1137 3441 1298 3503 dumtaxat

139 3542 276 3624 syringis
296 3545 471 3608 mutatione.
515 3547 553 3607 In
577 3546 719 3627 Epistola
741 3556 840 3623 autem
871 3568 939 3608 cum
961 3568 1021 3608 non
1048 3548 1107 3609 0101
1126 3547 1225 3610 ’00000
1253 3550 1298 3610 in·

138 3651 240 3713 felices
261 3651 321 3714 100
343 3672 449 3713 canere
468 3653 499 3712 in
521 3663 621 3715 mente
641 3654 779 3729 haberet,
803 3663 902 3716 cetera
923 3655 1035 3727 omisit;
1070 3663 1100 3715 ct
1127 3663 1162 3715 ut
1187 3655 1219 3714 in
1250 3655 1297 3716 his

109 3777 113 3786 ·
138 3760 227 3841 00001
246 3759 392 3821 tirociniis
402 3748 604 3822 Musae'suae
628 3764 755 3838 solebat,
767 3765 971 3826 narrationem
994 3761 1220 3843 quaestionibus
1232 3763 1297 3826 rhe-

137 3868 239 3931 toricis
261 3869 411 3931 interdum
434 3868 516 3930 haud
534 3869 660 3949 pulchre
681 3872 849 3954 intenupit.

241 3977 351 4040 Suidas
373 3977 405 4036 in
427 3976 525 4039 indice
534 3977 716 4040 Callimachi
739 4000 862 4060 operum
876 3968 954 4050 Ἰοὗς
965 3968 1078 4055 ἄφιξιν
1090 3977 1185 4040 affert.
1208 3977 1299 4056 Quod

137 4103 258 4147 carmen
280 4085 479 4149 Schneiderus
507 4086 557 4168 (p.
581 4086 641 4165 33)
667 4087 832 4150 adventum
860 4089 924 4169 ejus
948 4086 987 4148 ad
1007 4085 1114 4147 Nilum
1134 4086 1245 4148 flumen
1270 4096 1300 4148 et

138 4211 215 4272 0000
235 4203 305 4274 post
325 4215 393 4256 eum
417 4193 581 4256 acciderint
598 4203 743 4278 tractasse
764 4205 861 4277 putat.
906 4194 967 4258 Sed
994 4193 1100 4275 quidni
1131 4195 1232 4275 potius
1262 4216 1298 4256 ea

138 4319 216 4380 quae
241 4309 310 4363 ante
332 4301 409 4363 illud
431 4301 547 4364 factum
570 4303 732 4378 evenerint,
754 4313 845 4384 poeta
865 4302 1035 4366 narraverit
1060 4302 1091 4362 in
1114 4304 1172 4364 eo?
1207 4303 1298 4386 ‘Nam

136 4406 271 4488 profecto
291 4428 368 4488 quae
381 4410 510 4474 Ovidius
529 4411 644 4491 profert
664 4411 821 4493 aliquanto
844 4412 940 4492 magis
950 4409 1131 4472 Callimachi
1144 4410 1297 4491 ingenium
1390 4483 1394 4490 ι

1086 4527 1121 4578 2*
