3106 4988
705 287 915 348 ..48-

234 455 344 516 Ovidio
366 457 397 516 in
420 460 631 520 tertiodecimo
645 457 838 538 (712-714)
858 460 1034 522 brevissime
1046 461 1211 540 attingitur,
1235 469 1265 521 et
1286 471 1385 522 tamen

234 563 285 637 ita,
308 573 343 624 ut
363 583 430 626 eam
454 566 576 628 aliunde
597 576 752 646 praeterea
773 567 800 627 ei
815 577 919 629 notam
939 568 1034 630 fuisse
1057 576 1211 649 appareat.
1243 568 1322 628 Puto
1343 567 1387 628 ita

234 690 349 732 serem
372 672 491 735 habere.
525 675 690 754 Postquam
707 673 821 754 Apollo
835 675 944 737 Actius
957 676 1120 739 Octaviani
1137 675 1387 738 victoriaRomae
1454 741 1457 752 ,

234 778 444 842 celeberrimus
466 782 566 843 faetus
587 791 644 856 est,
676 783 767 845 etiam
789 784 893 846 variae
915 785 952 846 de
974 805 1008 846 eo
1030 785 1218 846 narrationes
1241 785 1273 860 in
1293 784 1386 863 Epiro

234 896 264 948 et
286 889 464 950 Acarnania
485 890 628 969 vulgatae
645 891 847 966 innotuerunt,
869 893 1030 972 praecipue
1050 893 1160 954 fabula
1179 892 1216 953 de
1232 892 1386 971 Cregaleo,

234 1018 302 1057 eum
324 997 356 1057 in
375 1007 517 1078 promptu
538 1007 616 1059 esset
636 1000 820 1079 comparatio
840 1001 1011 1062 certaminis
1034 1001 1111 1062 inter
1130 1000 1333 1062 Octavianum
1358 1008 1387 1061 et

235 1102 404 1165 Antonium
427 1125 494 1165 eum
518 1105 573 1166 illa
589 1108 712 1168 deorum
734 1106 787 1169 lite
806 1104 857 1188 (ef.
869 1108 952 1172 Serv.
967 1109 1006 1169 ad
1020 1109 1112 1188 Verg.
1130 1107 1207 1174 Aen.
1226 1107 1286 1181 III,
1302 1104 1385 1188 276).

233 1211 335 1288 Quam
370 1214 568 1275 mutationem
606 1215 662 1275 etsi
687 1215 719 1274 in
741 1217 900 1296 Dryopum
938 1225 1018 1278 terra
1044 1237 1136 1296 prope
1168 1215 1385 1296 Thermopylas

232 1318 347 1378 factam
370 1339 434 1380 esse
453 1320 609 1382 Nicander
639 1322 752 1402 prodit,
782 1332 974 1386 tamencum
999 1325 1038 1386 ad
1059 1323 1258 1385 Ambraciam
1282 1323 1384 1383 urbem

233 1427 365 1488 maxime
387 1429 556 1507 pertineret,
587 1429 679 1491 Actio
702 1431 842 1511 Apollini
866 1432 1012 1494 tributam
1035 1424 1179 1496 essenon
1200 1432 1310 1492 mirum
1331 1439 1384 1492 est.

233 1535 343 1614 Itaque
365 1535 493 1598 Ovidius
521 1537 660 1598 fabulam
683 1547 717 1600 ut
744 1539 818 1601 satis
841 1549 945 1602 notam
967 1541 999 1601 in
1020 1541 1231 1604 brevissimum
1254 1537 1385 1619 spatium

234 1643 392 1703 contraxit.

336 1751 433 1812 Omisi
458 1751 580 1813 fabulas
608 1753 644 1813 de
666 1754 786 1814 rusticis
809 1754 913 1835 Lyciis
937 1751 1008 1838 (Ov.
1029 1755 1086 1830 VI,
1107 1753 1290 1840 317-53813
1311 1754 1385 1815 Ant.

234 1857 380 1931 XXXV;
401 1858 564 1920 Schneider
584 1881 613 1940 p.
626 1859 678 1938 66)
700 1869 730 1922 et
747 1861 783 1922 de
794 1862 984 1924 Phaethonte
1004 1861 1072 1939 (Ov.
1090 1863 1116 1937 1,
1140 1862 1288 1936 747-11,
1309 1858 1385 1934 400;

233 1966 398 2028 Schneider
418 1989 447 2046 p.
464 1966 524 2046 68),
545 1969 617 2048 quia
639 1970 787 2048 quomodo
809 1970 842 2032 in
860 1971 987 2051 singulis
1011 1993 1029 2032 a
1052 1971 1207 2032 Nicandro
1230 1978 1386 2031 enarratae

232 2075 293 2134 sint
321 2074 465 2148 nescitum
494 2074 633 2137 fabulam
659 2078 696 2138 de
723 2078 883 2158 Iphigenia
911 2079 979 2156 (Ov.
1006 2079 1083 2153 XII,
1109 2076 1228 2152 1—-38;
1255 2077 1323 2138 Nic.
1345 2072 1386 2148 d'3

232 2182 306 2245 Ant.
329 2181 485 2265 XXVII),
512 2185 586 2264 quia
608 2185 724 2246 dehac
745 2185 861 2264 virgine
883 2187 1012 2248 Ovidius
1035 2186 1246 2266 vulgatissima
1267 2194 1385 2247 tantum

230 2297 343 2350 narrat.

334 2396 460 2458 Summa
491 2397 580 2458 huius
606 2398 819 2479 disputationis
850 2399 924 2461 haee
952 2400 1014 2461 fere
1043 2409 1096 2462 est.
1144 2398 1297 2461 Plurimae
1327 2399 1386 2460 dis·

232 2501 411 2586 crepantiae,
434 2527 512 2586 quae
533 2507 611 2568 inter
633 2507 737 2570 Ovidii
758 2517 788 2569 et
808 2509 957 2575 Nicandri
979 2510 1166 2570 narrationes
1188 2507 1385 2580 intercedunt,

231 2615 308 2676 tales
338 2625 417 2690 sunt,
433 2621 483 2676 ¹ut
509 2637 547 2676 ex
569 2615 672 2678 Ovidii
699 2625 763 2678 arte
789 2617 969 2696 ingenioque
994 2638 1045 2678 eas
1074 2625 1155 2678 ortas
1181 2636 1246 2676 esse
1273 2623 1385 2696 pateat.

232 2723 351 2784 Paucas
368 2732 468 2784 autem
477 2723 625 2784 Nicandri
641 2725 828 2786 narrationes
839 2725 939 2786 minus
955 2735 1099 2788 venustas
1119 2732 1172 2785 aut
1192 2733 1284 2810 aptas
1297 2732 1386 2804 poeta

232 2829 361 2890 Latinus
388 2830 489 2891 aliena
509 2831 666 2891 inserendo
695 2832 752 2893 sibi
783 2832 1029 2894 accommodavit.
1074 2831 1163 2892 Haec
1184 2839 1284 2891 autem
1306 2830 1386 2890 unde

232 2938 260 2998 ei
282 2945 402 3017 praesto
425 2938 539 2999 fuerint
560 2940 593 2998 in
613 2939 752 3019 plurimis
774 2938 888 3000 fabulis
910 2939 943 2999 in
966 2947 1069 3022 aperto
1091 2947 1144 3002 est.
1188 2938 1335 3019 Meleagri
1357 2945 1387 2998 et

233 3045 383 3106 Adonidis
414 3045 539 3107 fabulae
570 3046 732 3107 admodum
765 3055 851 3108 erant
882 3055 984 3120 notac;
1014 3046 1155 3129 Byblidis
1186 3055 1216 3108 et
1247 3046 1384 3126 Dryopes

232 3153 354 3215 fabulas
377 3155 509 3216 carmine
531 3155 640 3234 alique,
664 3155 785 3217 Orionis
799 3155 930 3216 filiarum
950 3155 1079 3216 fortasse
1095 3155 1223 3235 pictura,
1246 3151 1386 3232 Oragalei

231 3263 316 3323 fama
335 3263 361 3322 ei
383 3272 537 3342 praeterea
565 3272 654 3325 notas
680 3263 774 3324 fuisse
798 3263 939 3326 vidimus.
988 3263 1119 3324 Restant
1145 3260 1270 3323 fabulae
1285 3261 1384 3334 ¹Pelei,

232 3370 381 3445 Cerambi,
410 3371 540 3433 fortasse
567 3373 660 3434 Batti.
709 3372 820 3446 Nonne
849 3372 945 3432 multo
970 3372 1033 3434 veri
1059 3371 1186 3432 similius
1218 3377 1264 3431 est
1289 3369 1385 3448 ipsius

231 3479 379 3541 Nicandri
406 3500 525 3540 carmen
552 3480 610 3541 hoc
635 3481 724 3542 modo
751 3481 784 3539 in
809 3500 899 3540 usum
926 3461 1014 3544 suum
1037 3479 1218 3541 convertisse
1240 3479 1384 3540 Ovidium

232 3607 324 3669 quam
355 3589 504 3668 epitomen
530 3589 660 3670 pedestri
691 3587 825 3649 oratione
855 3588 1016 3668 scriptam?
1048 3589 1115 3649 Iam
1145 3607 1215 3649 vero
1246 3607 1324 3666 quae
1353 3585 1385 3650 in

150 3711 155 3720 ⁴
233 3695 372 3776 Byblidis
394 3695 502 3758 fabula
523 3675 692 3757 narrationi
712 3695 835 3757 aliunde
856 3706 994 3777 sumptae
1015 3718 1053 3758 ex
1074 3695 1230 3766 Nicandro
1252 3693 1384 3767 inseruit,

232 3805 378 3866 eiusmodi
401 3814 484 3879 sunt,
513 3814 548 3866 ut
576 3826 614 3865 ex
636 3805 768 3867 carmine
789 3813 911 3886 sumpta
933 3825 997 3866 esse
1018 3804 1186 3868 videantur.
1231 3804 1386 3864 Firmatur

234 3912 362 3992 denique
387 3913 537 3974 sententia
567 3935 634 3976 cum
660 3913 856 3995 perspicimus
884 3922 1016 3994 quantus
1044 3912 1084 3974 sit
1109 3912 1141 3971 in
1164 3911 1290 3991 singulis
1317 3931 1386 3973 con·

233 4042 338 4083 sensus
358 4023 437 4084 inter
454 4021 599 4086 Ovidium
620 4033 650 4085 et
663 4023 855 4085 Nicandrum¹
874 4023 906 4082 in
928 4019 1152 4083 narrationibus
1173 4020 1210 4081 de
1229 4018 1384 4081 Asoalabo

233 4129 321 4191 etde
343 4129 458 4210 Iphide.
495 4130 563 4192 Iam
583 4121 651 4192 cuni
673 4132 865 4194 Antoninum
884 4140 1001 4211 partem
1027 4137 1147 4191 tantum
1169 4128 1309 4208 exiguam
1330 4127 1385 4189 Ni-

144 4281 147 4287 ,
233 4238 338 4300 candri
359 4239 568 4302 narrationum
592 4243 758 4322 excerpisse
779 4250 895 4322 pateat,
926 4238 1040 4300 multae
1063 4237 1141 4298 aliae
1163 4221 1386 4316 praetereala-

233 4349 323 4413 bulae
352 4350 458 4433 procul
488 4350 580 4416 dubio
611 4350 650 4414 ab
676 4351 787 4414 Ouidio
816 4372 854 4414 ex
883 4350 987 4454 eodem
1018 4355 1108 4428 poeta
1137 4355 1275 4427 sumptae
1305 4356 1385 4412 sunt.
