3106 4988
741 289 954 395 ης-

263 503 375 581 (Schol.
392 503 431 566 Il.
453 504 496 580 IL
521 501 608 585 145):
638 503 722 580 „Tori
743 494 878 585 Ἰκαρίου
905 493 1067 586 πελάγους
1088 499 1287 586 κεκλημένου
1314 491 1419 575 οὕτως
1537 471 1538 476 ¹

264 600 330 671 ἀπό
347 599 469 692 Ἰκάρου
491 609 552 673 τοῦ
563 601 728 674 Δαιδάλου
746 603 866 684 παιδὸς
885 601 1046 686 πεσόντος
1065 607 1111 684 είς
1133 602 1215 672 αὐτὸ
1237 600 1418 672 καλάπολο-
1538 651 1539 662 t

264 715 365 798 μένου
387 706 505 792 οὕτως.
543 711 623 800 μετὰ
644 709 705 801 τήν
727 718 783 802 τῆς
805 709 978 801 Πασιφάης
998 711 1083 800 πρὸς
1104 711 1165 782 τόν
1191 717 1315 798 ταῦρον
1336 715 1419 798 μίξιν

265 820 425 899 Δαίδαλος
447 815 685 907 εὐλαβούμενος
706 819 765 902 τὴν
777 823 911 906 Μίνωος
928 817 1027 908 ὀργήν
1047 818 1218 907 πτερωτὸς
1240 817 1300 886 σὺν
1311 815 1418 906 Ἰκάρῳ

264 931 313 1014 τῷ
335 926 396 994 vicl
417 926 552 1012 Ιἐφέρετο
570 951 577 966 ·
593 922 837 1006 καταπεσόντος
860 930 895 994 δὲ
916 933 976 994 τοῦ
998 924 1125 1012 παιδός,
1148 926 1187 994 τό
1208 921 1419 1013 ὑποκείμενον
1539 951 1540 966 ι

263 1037 405 1121 πέλαγος
426 1031 562 1120 Ἰκάριον
583 1031 842 1124 μετωνομάσθη,
865 1033 884 1103 ὁ
904 1039 1017 1124 μέντοι
1039 1040 1199 1115 ιίαίδαλος
1221 1032 1359 1114 διαπτάς
1379 1037 1422 1113 είς

265 1138 415 1228 Κάμικον
443 1147 499 1229 τῆς
529 1147 678 1222 Σικελίας
706 1141 842 1211 καὶτὸν
871 1143 943 1212 υλόν
971 1139 1073 1212 αὐτοῦ
1093 1137 1301 1230 ἐκδεχόμενος
1323 1142 1422 1229 έμεινε
1540 1223 1541 1246 ¹

260 1245 352 1334 παρὰ
373 1263 444 1326 ταῖς
473 1247 637 1318 Κωκάλου
665 1255 880 1338 θυγατράσιν,
909 1246 969 1334 ὐφ’
997 1240 1046 1318 civ
1077 1248 1095 1317 ό
1123 1253 1236 1329 Μίνως
1256 1244 1348 1336 ήκων
1374 1249 1421 1318 ἐπ’
1540 1251 1541 1284 ³

266 1352 460 1443 ἀναζήτησιν
472 1362 533 1423 τοῦ
544 1353 709 1424 Δαιδάλου
722 1353 925 1445 ἀποθνήσκει
940 1361 1187 1444 καταχυθέντας
1197 1357 1302 1425 αὐτοῦ
1313 1360 1422 1443 ζεστοῦ

263 1459 385 1542 ὕδατος
410 1488 416 1502 ·
440 1462 563 1550 ἱστορεῖ
584 1467 829 1550 Φιλοστέφανος
849 1469 902 1532 καί
926 1469 1125 1553 Καλλίμαχος
1148 1465 1183 1532 έν
1206 1467 1362 1543 Αίτίοιςέι

369 1622 418 1682 De
438 1621 516 1682 mari
541 1621 640 1682 Icario
663 1621 702 1684 ab
724 1622 812 1684 Icaro
834 1623 1028 1685 denominato
1050 1621 1179 1686 Ovidius
1201 1630 1331 1702 quatuor
1349 1619 1422 1682 locis
1541 1605 1542 1636 ss

266 1729 330 1808 agit
351 1725 435 1812 (Art.
457 1729 499 1804 11,
524 1727 578 1803 96;
610 1729 684 1791 Met.
706 1729 798 1804 VIII,
820 1729 897 1805 235;
928 1732 1019 1793 Trist.
1042 1731 1067 1805 I,
1091 1730 1117 1804 1,
1141 1729 1198 1803 793
1228 1725 1423 1806 111,4,19).

267 1837 376 1917 Itaque
404 1836 507 1898 nullus
537 1837 643 1899 dubito
673 1838 747 1920 quin
775 1839 806 1898 in
837 1838 896 1900 hac
924 1838 1033 1901 fabula
1063 1837 1218 1900 narranda
1244 1834 1424 1900 Callimachi

265 1944 392 2025 elegiam
416 1954 480 2006 arte
502 1953 622 2007 secutus
645 1944 692 2008 sit.

368 2095 485 2156 Eadem
503 2096 565 2156 fere
586 2095 777 2157 ratiocinatio
798 2095 970 2156 adhibenda
992 2103 1045 2170 est,
1068 2116 1135 2156 cum
1157 2095 1256 2158 fontes
1279 2093 1423 2165 narratio·

268 2201 315 2262 nis
336 2202 373 2264 dc
393 2202 570 2264 Philemone
592 2212 622 2264 et
641 2203 777 2265 Baucide
796 2201 898 2282 (VIII,
921 2200 1105 2283 620-724)
1118 2202 1311 2282 indagantur.
1338 2202 1426 2264 Simi-

265 2309 361 2370 litudo
379 2311 459 2372 enim
473 2330 533 2370 non
546 2310 644 2372 solum
657 2310 749 2371 totius
761 2308 969 2390 descriptionis
987 2331 1055 2372 oum
1067 2310 1240 2372 narratione
1258 2310 1295 2371 de
1307 2309 1426 2390 Hyrieo

264 2416 296 2476 in
317 2417 420 2478 Fastis
443 2417 494 2494 (V,
517 2416 699 2494 493-536)
722 2418 844 2492 tradita,
874 2417 1039 2479 sedetiam
1062 2417 1249 2498 singulorum
1275 2436 1425 2514 uersuum,

266 2525 549 2606 Metamorphoseon
572 2525 743 2588 641-645
766 2547 834 2588 oum
854 2527 939 2588 Fast.
962 2525 1142 2602 ooo-508,
1163 2527 1237 2588 Met.
1254 2522 1426 2586 655—660

268 2655 336 2697 oum
358 2636 442 2697 Fast.
464 2632 635 2697 519-520
646 2635 719 2698 Met.
742 2633 913 2697 668-670
935 2657 1004 2696 cum
1028 2635 1117 2697 Fast:
1136 2633 1209 2708 522,
1231 2635 1307 2696 Met.
1320 2631 1425 2694 677-
1544 2653 1545 2680 ι

269 2739 332 2802 678
355 2763 422 2803 oum
446 2742 531 2803 Fast.
555 2740 627 2817 503,
648 2742 722 2803 Met.
746 2740 806 2802 681
830 2763 898 2804 oum
918 2743 1003 2804 Fast.
1026 2741 1090 2803 514
1112 2742 1186 2804 satis
1209 2750 1312 2821 aperte
1331 2739 1422 2812 docet,
1544 2751 1545 2760 ¹

270 2857 398 2930 utroque
420 2849 486 2910 loco
510 2848 637 2910 eundem
659 2848 774 2910 fontem
792 2849 943 2929 poeticum
967 2870 1034 2910 eum
1051 2847 1232 2911 adhibuisse.
1275 2848 1350 2910 (him
1372 2864 1423 2906 au·

268 2964 329 3018 tem
349 2955 412 3018 tale
430 2955 639 3037 descriptionis
660 2977 754 3036 genus
776 2965 807 3019 et
824 2956 1006 3018 Callimachi
1026 2955 1146 3036 ingenio
1169 2954 1281 3036 optime
1306 2973 1426 3034 respon-

270 3063 342 3126 deat
360 3072 390 3126 et
412 3064 443 3124 in
464 3065 528 3126 eius
546 3064 666 3126 Hecale
686 3063 884 3146 pulcherrime
906 3065 1060 3127 excultum
1071 3063 1170 3138 fucrit,
1193 3063 1342 3143 suspicari
1356 3062 1428 3123 licet

266 3172 324 3234 hoc
346 3173 478 3234 carmine
501 3172 582 3253 apud
606 3172 746 3253 antiquos
768 3172 960 3235 celeberrimo
978 3172 1122 3236 Ovidium
1138 3192 1227 3234 usum
1241 3191 1315 3234 esse.
1339 3169 1428 3248 Quae

268 3280 400 3361 suspicio
424 3291 551 3360 augetur
569 3301 658 3343 versu
679 3281 965 3362 Metamorphoscon
989 3281 1059 3357 724,
1082 3282 1135 3362 qui
1158 3281 1270 3362 optime
1297 3279 1430 3360 quadrat

267 3388 299 3448 in
322 3388 462 3450 Hecalae
482 3387 628 3463 fabulam,
648 3387 699 3469 (cf.
719 3389 801 3451 Plut.
820 3389 907 3452 Thes.
933 3390 988 3451 14:
1008 3379 1149 3465 ,,Ἑθυον
1161 3381 1222 3469 γάρ
1234 3375 1430 3469 Ἑκαλήσιον

265 3487 296 3555 οἱ
317 3490 413 3575 πέριξ
435 3493 530 3578 δῆμοι
554 3485 722 3568 συνιόντες
736 3485 881 3576 Ἑκάλῳ·
915 3488 967 3556 διὸ
990 3492 1043 3556 καὶ
1064 3486 1124 3576 τήν
1148 3485 1285 3578 Ἑκάλην
1308 3489 1430 3575 ἐτίμων

261 3600 429 3685 Ἑκαλίνην
452 3590 741 3682 ὑποκοριζόμενοι,
771 3594 887 3662 διὰτὸ
914 3593 1065 3684 κάκείνην
1092 3599 1171 3664 νέον
1200 3593 1282 3664 ὄντα
1311 3601 1432 3683 κομιδῇ

263 3701 324 3771 τόν
347 3706 452 3791 Θησέα
474 3707 662 3789 ξενίζουσαν
686 3698 897 3772 ἀσπάσασθαι
919 3708 1145 3788 πρεσβυτικῶς
1171 3706 1224 3770 καί
1247 3709 1430 3789 φιλοφρον·

265 3820 374 3879 εῑσθαι
392 3807 555 3889 τοιούτοις
571 3804 851 3898 ὑποκορισμοῑςίί),
874 3829 904 3882 et
921 3819 1115 3881 confirmatur
1132 3816 1434 3882 conferentibusMe-

265 3927 497 4008 tamo1phoseon
519 3947 639 3989 versum
663 3924 726 3988 644
749 3948 818 3990 cum
834 3927 1015 3990 Callimachi
1036 3928 1204 4006 fragmento
1222 3925 1281 3987 660
1302 3945 1341 3986 ex
1363 3923 1431 3984 He-

266 4034 332 4096 cale
353 4043 483 4096 servato:
515 4029 727 4112 ,,1]αλαίθετα
744 4035 828 4096 κᾶλα
850 4025 1017 4115 καθήρει“;
1051 4033 1125 4094 Met.
1154 4053 1232 4095 vers.
1254 4028 1430 4093 664-666

266 4161 334 4202 oum
357 4140 537 4204 Callimachi
557 4141 734 4222 fragmentis
757 4142 811 4205 63:
841 4130 1002 4222 ,,σόγχος“,
1025 4139 1078 4202 64;
1104 4137 1292 4220 ,,κρήθμον“
1320 4149 1350 4202 et
1370 4136 1431 4200 50:

367 4264 584 4350 ,,Γεργέριμον
604 4265 736 4350 πίτυρίν
757 4291 792 4332 τε
813 4269 868 4332 καὶ
889 4261 929 4351 ἣν
944 4258 1135 4350 ἀπεθήκατο
1155 4259 1272 4350 λευκήν

365 4372 423 4437 Pro
446 4365 498 4437 ἁλὶ
521 4368 675 4459 νήχεσθαι
697 4366 964 4458 φθινοπιόριιία“;
