3106 4988
612 349 826 411 ..29-

141 528 241 580 tarum
263 519 367 580 eodem
385 519 489 580 ordine
502 515 672 581 reddiderit.
708 519 790 580 Nam
808 541 886 601 quae
900 521 939 580 ab
954 521 1111 582 Antonino
1134 541 1172 581 ex
1191 529 1298 599 quarto

141 625 291 686 Nicandri
319 626 486 687 afferuntur
505 613 784 706 Ἑτεροιουμένων
807 626 884 687 libro
913 627 1046 702 fabulae,
1068 627 1107 689 de
1124 626 1299 688 Pieridihus

142 731 229 812 (Ant.
241 733 312 810 IX),
334 734 371 794 de
382 734 525 814 Typhoeo
540 733 627 810 (Ant.
645 733 818 812 XXVIII),
842 735 880 796 de
894 735 1049 798 Ascalabo
1059 735 1145 813 (Ant.
1159 729 1298 816 XXIV),

144 840 267 902 eaedem
288 849 348 901 tres
367 841 398 899 in
410 839 516 903 Ovidii
526 840 821 920 Metamorphosibus
843 840 894 918 (V,
919 839 984 904 294
1006 863 1050 924 sq.
1070 841 1127 922 sq.)
1150 841 1300 902 artissime

145 955 235 1026 atque
257 946 501 1008 artificiosissime
523 947 701 1027 conjunctae
723 956 851 1010 exstant.
879 949 986 1030 Neque
1006 948 1149 1011 credibile
1161 955 1207 1009 est
1223 946 1298 1007 duos

145 1075 183 1114 ex
198 1053 430 1134 poetisGraecis
448 1054 530 1115 illius
549 1055 656 1115 aetatis
677 1053 857 1117 doctissimis
878 1065 937 1118 tres
958 1057 1080 1118 fabulas
1102 1056 1195 1136 plane
1215 1052 1301 1114 dissi-

144 1160 231 1221 miles
255 1161 359 1222 eodem
381 1161 447 1222 loco
470 1161 650 1224 narravisse.
682 1162 749 1222 Iam
771 1163 908 1242 ineptum
930 1173 1008 1225 esset
1028 1163 1207 1225 contendero
1228 1160 1323 1223 Ovi-¹

146 1267 231 1329 dium
240 1268 499 1348 Metamorphoses
514 1268 695 1348 scripturum
710 1289 749 1330 nc
759 1289 855 1331 unum
870 1271 991 1350 quidem
1011 1291 1048 1332 ex
1069 1269 1131 1331 illis
1152 1268 1300 1350 poematis

42 1399 48 1410 ·
146 1359 271 1438 Graecis
302 1375 603 1439 transformatiouum
633 1376 757 1438 fabulas
787 1378 982 1440 narrantibus
1012 1377 1186 1458 inspexisse,
1217 1395 1301 1455 prae-

146 1483 249 1544 sertim
270 1483 356 1544 nullo
377 1491 498 1545 auctore
521 1504 641 1545 carmen
664 1494 758 1546 metro
780 1486 898 1547 heroico
921 1485 979 1547 sibi
1002 1485 1124 1546 insolito
1140 1482 1304 1563 scripsisse.

146 1592 254 1673 Itaque
274 1612 362 1652 nemo
383 1591 537 1652 dubitaret
563 1592 636 1671 quin
659 1592 807 1654 Nicandri
829 1593 951 1654 illorum
972 1601 1132 1674 poetarum
1153 1590 1303 1652 notissimi

137 1686 417 1777 Ἑτεροιουμένοις
443 1719 516 1760 usus
554 1700 607 1773 sit,
634 1700 693 1760 nisi
720 1696 940 1781 discrepantiae
965 1701 1043 1762 inter
1066 1719 1169 1761 eorum
1199 1717 1301 1758 narra-

148 1805 244 1867 tiones
266 1807 394 1886 majores
416 1806 605 1880 viderentur;
632 1828 710 1887 quae
736 1808 816 1868 unde
839 1816 922 1870 ortae
944 1809 1013 1882 sint,
1039 1807 1161 1868 facilius
1183 1805 1303 1867 videtur

148 1931 213 1973 esse
232 1912 395 1987 intellectu,
425 1915 450 1974 si
477 1935 515 1975 ex
541 1915 659 1995 sylloga
688 1915 792 1995 aliqua
822 1915 967 1976 Ovidium
988 1915 1126 1976 hausisse
1150 1897 1319 1974 statuitur*

147 2018 230 2078 Nam
252 2020 305 2098 qui
327 2019 448 2100 collegit
467 2021 522 2084 has
544 2022 677 2096 fabulas,
701 2031 754 2083 aut
776 2023 983 2104 neglegentius
1006 2043 1084 2102 quae
1107 2020 1303 2082 tradebantur

146 2126 270 2188 reddere
285 2137 339 2189 aut
354 2128 391 2190 de
405 2149 460 2189 suo
475 2129 624 2208 quaedam
644 2138 762 2191 mutare
781 2138 835 2191 aut
854 2131 955 2193 varias
975 2130 1163 2191 narrationes
1180 2127 1304 2187 miscere

145 2233 254 2312 potuit.
299 2235 387 2310 Quae
416 2223 484 2296 cum
504 2236 549 2296 ita
570 2237 639 2310 sint,
666 2235 885 2315 explorandum
907 2237 981 2297 mihi
1003 2245 1057 2310 est,
1086 2255 1159 2305 num
1178 2255 1210 2294 re
1231 2252 1303 2295 vera

147 2339 368 2422 discrepantiae
396 2350 500 2403 tantae
528 2342 601 2417 sint,
629 2351 665 2404 ut
690 2342 835 2405 Ovidium
865 2344 986 2425 qualem
1012 2345 1070 2406 hac
1100 2341 1305 2422 disputatione

147 2449 351 2527 cognovimus,
372 2470 411 2514 ex
431 2449 498 2529 ipso
515 2449 671 2510 Nicandro
691 2450 830 2513 hausisse
851 2454 915 2515 veri
935 2454 974 2515 sit
994 2451 1149 2514 dissimile.

251 2554 391 2616 Fabulae
419 2555 456 2616 de
477 2556 649 2632 Pieridibus
672 2557 703 2616 in
726 2559 810 2637 picas
834 2561 958 2622 mutatis
981 2581 1018 2621 ex
1040 2559 1155 2640 duplici
1177 2557 1214 2618 de
1236 2556 1304 2615 Mu·

149 2679 251 2718 sarum
274 2660 376 2739 patria
401 2681 478 2740 quae
505 2669 535 2723 et
560 2663 593 2722 in
614 2662 745 2744 Olympo
770 2675 801 2726 et
828 2667 860 2726 in
883 2667 1033 2728 Helicone
1054 2685 1118 2726 esse
1140 2663 1306 2745 putabatur

148 2765 293 2825 memoria
315 2774 398 2827 ortae
420 2768 501 2847 apud
525 2768 600 2829 alios
626 2772 785 2851 scriptores
803 2774 914 2834 mentio
936 2795 998 2834 non
1020 2781 1073 2834 est.
1107 2853 1110 2858 Ι

199 2957 202 2964 y
252 2869 329 2932 Cum
343 2874 424 2952 apud
433 2874 621 2936 Nicandrum
631 2887 745 2956 quanto
760 2880 904 2940 maiorem
913 2881 975 2943 vim
986 2880 1145 2941 Musarum
1154 2895 1245 2956 quam
1255 2871 1306 2934 ad-

150 2979 354 3040 versariarum
384 2990 490 3044 cantus
518 2982 659 3046 habuerit
685 2987 777 3048 variis
814 2997 942 3050 naturae
971 2986 1125 3048 miraculis
1154 2985 1307 3054 doceatur,

150 3083 289 3159 Ovidius,
317 3087 369 3166 qui
393 3087 424 3148 in
454 3089 568 3169 Orphei
595 3091 704 3154 fabula
722 3083 806 3154 ‘talia
833 3095 1003 3156 accuratius
1025 3092 1230 3172 descripturus
1252 3097 1305 3160 est,

151 3191 310 3254 Musarum
334 3203 441 3256 cantus
464 3199 685 3276 praestantiam
708 3211 883 3282 argumento
904 3202 1061 3291 utriusque
1077 3197 1218 3261 carminis
1238 3215 1312 3260 nar.

152 3299 247 3360 randc
267 3301 437 3383 iudicioque
454 3305 597 3384 nymphis
616 3307 763 3369 tradendo
784 3309 880 3388 magis
902 3317 972 3389 apte
987 3307 1137 3390 significat
1158 3302 1307 3382 simulque

153 3408 296 3486 optimam
319 3412 559 3491 conjunctionem
581 3414 674 3475 trium
697 3415 873 3476 fabularum
892 3415 1165 3478 diversissimarum
1186 3411 1306 3474 nancis-

151 3515 237 3590 citru,
259 3537 335 3598 quas
347 3539 366 3579 a
378 3519 534 3582 Nicandro
547 3521 647 3584 minus
662 3523 820 3585 artificiose
832 3543 928 3585 nexas
945 3543 1013 3585 esse·
1027 3521 1164 3584 arbitror.
1186 3518 1306 3600 Hippo-

152 3643 261 3685 crenen
282 3626 398 3706 ungula
418 3627 527 3708 Pegasi
548 3630 712 3691 excitatam
732 3651 797 3692 esse
816 3632 878 3692 iam
896 3642 986 3694 antea
1007 3630 1150 3703 narravit,
1172 3637 1207 3690 ut
1227 3629 1307 3690 hanc

62 3767 66 3776 ·
150 3730 290 3794 fabulam
310 3755 379 3795 cum
401 3735 457 3796 illa
479 3736 516 3797 de
537 3736 646 3799 Perseo
674 3739 874 3818 coniungeret.
918 3739 1005 3801 Neve
1027 3736 1206 3800 crudeliores
1226 3735 1307 3798 vide·

150 3846 241 3900 antur
271 3841 361 3915 deae,
391 3843 530 3905 mulieres
562 3844 661 3906 victae
689 3847 830 3909 convitiis
859 3847 979 3910 demum
1007 3845 1098 3908 factis
1122 3853 1157 3906 ut
1181 3845 1213 3905 in
1241 3843 1309 3903 aliis
1361 3875 1372 3901 ι

148 3969 269 4028 quoque
300 3951 525 4013 narrationibus
556 3952 705 4015 similibus
729 3955 798 4031 (VI,
824 3953 865 4016 37
876 3971 884 4034 ;
916 3955 1008 4027 XIV,
1040 3949 1114 4032 516)
1142 3959 1307 4024 mutantur,

149 4068 180 4120 et
202 4080 305 4121 omnes
337 4061 457 4141 quidem
484 4061 515 4121 in
540 4061 634 4140 picas,
661 4082 755 4141 genus
786 4062 890 4126 avium
911 4061 1166 4141 loquacissimum,
1197 4058 1311 4120 omissa

149 4166 206 4228 illa
235 4169 338 4230 ieiuna
364 4169 520 4231 nominum
551 4169 785 4232 enumeratione.
829 4170 963 4231 Pierides
987 4170 1078 4249 igitur
1099 4166 1234 4248 Typhoei
1262 4165 1309 4226 fa·

148 4275 256 4338 bulam
277 4287 405 4338 narrant
424 4297 521 4358 neque
543 4297 613 4339 vero
636 4286 746 4351 totam,
774 4277 826 4338 sed
849 4278 946 4339 solam
967 4277 1091 4338 deorum
1113 4273 1309 4336 mutationem

149 4383 184 4444 in
207 4385 349 4467 Aegypto
371 4385 495 4461 factam,
518 4393 553 4446 ut
573 4393 605 4446 et
625 4385 683 4447 diis
706 4384 873 4447 obtrectare
895 4393 925 4447 et
947 4382 1088 4446 carminis
1112 4379 1310 4461 amplitudine
