3106 4988
752 331 964 394 ...22-

258 517 310 566 σιν
332 496 384 564 ἐπὶ
408 496 503 583 φλογὶ
525 493 799 583 11111111νό111αῷ
822 527 889 567 oum
906 506 991 568 Fast.
1014 504 1091 579 411;
1112 505 1169 586 frg.
1187 505 1263 568 531:
1284 498 1342 580 „rb
1356 504 1414 588 μὲν

256 600 340 685 θύος
362 600 477 692 ἤρχετο
499 599 651 684 βάλλειν“
673 632 741 674 cum
763 613 842 675 Fast
860 610 923 674 403
944 622 974 676 et
994 611 1065 676 409.
1109 613 1169 676 Sed
1186 613 1262 674 haec
1280 634 1341 676 non
1360 613 1415 674 im-

256 720 381 801 pediunt
409 717 569 799 quominus
595 725 665 800 post
693 730 833 782 cunctam
859 727 964 800 raptus
991 731 1021 783 et
1051 721 1248 783 restitutionis
1275 722 1413 784 fabulam

255 838 410 890 narratam
424 827 635 908 mysteriorum
655 827 879 890 Eleusiniorum
897 828 1117 891 institutionem
1137 829 1273 890 additam
1290 830 1414 892 aCalli-

255 937 371 1011 macho,
395 935 434 997 ab
457 933 568 998 Ovidio
592 944 692 996 autem
714 957 782 998 cum
804 936 844 997 ad
864 957 928 998 rem
949 957 1011 998 non
1034 937 1154 1011 faceret,
1184 937 1325 998 omissam
1349 960 1413 1002 esse

254 1052 404 1126 putemus.
442 1040 564 1120 Optime
584 1041 643 1102 huc
665 1040 835 1104 referuntur
862 1042 1034 1124 fragmenta
1065 1041 1140 1105 523:
1181 1035 1239 1118 ,ἶν’
1257 1033 1414 1124 α’μάζονες

254 1141 371 1230 ἄνδρες
392 1142 509 1209 tuorna
529 1157 560 1209 et
584 1146 657 1210 183:

297 1246 352 1334 ‚le
370 1245 499 1333 depopou
522 1244 684 1334 φαρόωσι,
707 1249 795 1333 μέλει
817 1250 854 1314 δέ
880 1274 939 1332 φιν
958 1243 1100 1335 ὄμπνιον
1122 1249 1251 1337 ἔργον,“

256 1365 374 1428 collatis
395 1361 679 1441 Metamorphoseon
705 1360 776 1421 libri
797 1361 896 1442 quinti
918 1361 1055 1426 versibus
1079 1360 1258 1425 646-647,
1376 1381 1382 1390 ·

357 1473 439 1532 Nam
461 1471 553 1532 etiam
575 1469 665 1530 huius
687 1469 869 1531 narrationis
885 1490 965 1550 pars,
979 1491 1083 1533 versus
1108 1469 1411 1545 341—345,385-

254 1577 328 1654 404,
364 1575 542 1653 toa-538,
575 1575 744 1638 564-571
775 1577 858 1639 haud
880 1578 971 1640 dubie
993 1600 1031 1640 ex
1059 1579 1163 1640 eodem
1194 1579 1279 1641 fonte
1300 1581 1413 1661 sumpti

255 1697 334 1750 sunt.
380 1687 468 1764 Quae
491 1685 640 1748 sententia
661 1685 808 1765 probatur
836 1686 994 1749 universae
1016 1687 1233 1767 descriptionis,
1252 1688 1413 1774 praecipue

254 1806 405 1859 extremae
430 1795 525 1875 partis
557 1792 762 1868 similitudine,
794 1793 902 1855 deinde
933 1794 1018 1854 initio
1048 1794 1204 1875 utriusque
1229 1796 1410 1858 narrationis

253 1905 361 1986 hymni
382 1904 414 1964 in
435 1902 559 1964 modum
587 1901 724 1964 Cererem
749 1901 927 1977 celebrante,
952 1902 1081 1983 denique
1110 1902 1306 1966 similitudine
1331 1905 1411 1987 frug-

253 2012 347 2076 menti
369 2010 512 2092 anonymi
536 1999 611 2072 102:
698 2016 701 2022 ’

382 2107 543 2198 „Mo'poov
567 2111 599 2190 ἐς
622 2106 779 2178 ω’τιόεντα
800 2111 1050 2200 παλαιφαμένης
1070 2119 1099 2179 τ’
1119 2107 1250 2199 ἄγνοιο“

253 2229 454 2291 rectissimea
476 2225 657 2290 Schneidero
677 2225 738 2286 huc
759 2225 891 2287 revocati
909 2223 1021 2286 collato
1043 2225 1128 2288 Fast.
1150 2225 1223 2302 435,
1246 2247 1314 2288 oum
1337 2225 1410 2289 Met.

254 2335 410 2410 vers3933
432 2334 489 2414 frg.
513 2333 589 2395 539:
1254 2321 1260 2332 ’

478 2429 623 2516 ,Αὔλιος
643 2426 681 2511 ὃς
704 2429 832 2520 δυθμὴν
854 2428 914 2499 εἶσι
936 2439 1003 2520 μετ’
1026 2430 1154 2520 ἠελίου“

253 2572 321 2614 cum
330 2550 404 2612 Met.
418 2547 495 2629 441;
518 2547 575 2628 frg.
590 2546 666 2608 277:
689 2535 863 2621 ,Μαστύος
886 2535 954 2606 ἄλλ’
967 2533 1016 2607 ὅτ’
1038 2537 1175 2628 ἔκαμνεν
1197 2535 1331 2628 οἷλητύι(ι
1352 2567 1406 2609 nec

254 2681 323 2722 cum
346 2657 489 2720 Heckero
511 2653 798 2733 (Commentationes
812 2652 1036 2718 Callimacheae
1056 2677 1086 2736 p.
1110 2654 1165 2738 44)
1186 2663 1217 2718 et
1230 2655 1410 2719 Schneidero

254 2764 298 2848 (p.
318 2765 392 2845 502)
415 2765 454 2826 ad
476 2764 604 2828 Colchos
627 2783 681 2825 nac
704 2783 772 2824 eum
788 2761 909 2824 Naehio
932 2763 992 2842 (De
1010 2763 1191 2825 Callimachi
1212 2763 1339 2838 Hecale,
1362 2784 1410 2843 op.

253 2875 296 2949 II,
316 2895 345 2954 p.
362 2869 437 2954 181)
454 2872 493 2932 ad
514 2870 661 2944 Hecalen‚
684 2870 735 2932 sed
758 2868 913 2933 levissima
935 2891 1002 2932 cum
1027 2870 1194 2933 mutatione
1216 2870 1280 2952 (pro
1302 2861 1411 2931 ἄλλοτ’

253 2975 415 3060 ἔκαμνον),
437 2980 522 3059 cujus
543 2977 761 3065 emendationis
781 2975 910 3057 priorem
929 2984 1045 3057 partem
1064 2977 1130 3057 jam
1151 2985 1339 3057 agnoverrmt
1357 2977 1380 3040 J
1382 2997 1412 3038 a·

253 3087 372 3149 cobsius
399 3085 699 3166 (Animadversiones
725 3085 758 3144 in
780 3085 1012 3164 Epigrammata
1040 3084 1245 3166 Anthologiae
1266 3085 1411 3159 Graecae,

224 3267 227 3270 ¹
253 3193 336 3269 11‚2‚
350 3215 380 3274 p.
394 3189 478 3276 145),
494 3192 654 3254 Heckerus
670 3186 753 3272 (1.1),
768 3191 1412 3273 1111111110.1.),1111111011111111181111111111110,

251 3303 312 3363 huc
332 3301 482 3362 referendi
503 3321 572 3362 cum
584 3299 744 3374 Merula
765 3298 915 3380 frg.·533:
930 3287 1108 3380 „oo'tdrpuro
1120 3295 1248 3378 χαίτας“
1263 3297 1411 3361 a'Naekio

253 3405 294 3490 (p.
318 3405 392 3485 251)
416 3407 455 3468 ad
477 3407 625 3482 Hecalen‚
649 3429 668 3469 a
690 3407 871 3470 Schneidero
893 3405 933 3487 (p
957 3401 1032 3487 677)
1052 3407 1091 3467 ad
1104 3401 1217 3470 ohtam
1235 3405 1412 3488 velHypsi-

252 3514 344 3597 pylen
365 3513 445 3576 falso
464 3513 553 3576 relati
575 3535 643 3576 oum
661 3514 735 3576 Met.
755 3512 828 3576 472.
873 3514 989 3577 Verum
1014 3534 1111 3594 neque
1132 3515 1164 3575 in
1187 3515 1289 3578 Fastis
1315 3533 1412 3596 neque

252 3642 322 3685 varo
345 3621 377 3682 in
400 3621 696 3702 Metamorphosibus
707 3620 836 3684 Ovidius
846 3619 1027 3683 Callimachi
1050 3623 1179 3703 vestigia
1194 3624 1283 3684 anxie
1293 3621 1410 3704 premit,

252 3730 304 3792 sed
327 3730 501 3792 universnm
528 3729 711 3792 narrationis
744 3738 876 3790 tenorem
907 3749 1031 3793 servans
1060 3729 1181 3810 singula
1205 3752 1259 3811 pro
1290 3730 1410 3812 ingenio

252 3838 437 3918 consilioque
464 3837 614 3900 immutat.
658 3837 872 3899 Narrationem
889 3837 938 3910 ,de
967 3837 1087 3900 Venere
1114 3848 1144 3900 et
1171 3837 1320 3918 Cupidine
1344 3839 1409 3919 ipse

251 3945 368 4008 invenit
389 3945 462 4026 quia
484 3945 629 4026 optimam
649 3946 774 4026 praebet
797 3967 866 4008 cum
887 3947 1132 4008 antecedentibus
1159 3947 1410 4028 conjunctionem.

251 4053 370 4116 Deinde
399 4054 501 4116 varias
528 4075 685 4135 corporum
707 4055 889 4116 mutationes
911 4055 1045 4136 undique
1061 4051 1158 4130 addit,
1181 4055 1258 4116 alias
1285 4055 1410 4138 stabulas

253 4180 272 4223 a
293 4161 482 4239 Callimacho
504 4171 644 4223 narratas
667 4163 788 4225 omittit.
833 4163 884 4226 Sic
905 4163 959 4224 ubi
980 4164 1013 4223 in
1033 4163 1136 4225 Fastis
1158 4162 1335 4243 longissima
1356 4163 1411 4226 Ce-

249 4271 323 4332 reris
346 4270 460 4332 itineris
479 4270 640 4351 descriptio
663 4281 716 4346 est,
739 4271 772 4332 in
794 4270 1090 4354 Metamorphosibus
1117 4270 1293 4334 brevissime
1317 4271 1410 4333 tradi·

251 4385 301 4440 tur
319 4399 397 4460 quae
417 4379 485 4440 loca
500 4379 592 4441 Pluto
612 4379 751 4460 tetigerit,
775 4389 810 4442 ut
822 4380 941 4460 Cyanes
964 4378 1090 4442 fabulae
1110 4380 1281 4442 narrandae
1291 4381 1409 4444 occasio
