3106 4988
751 348 941 409 ..8-

367 519 508 600 Apparet
527 519 671 583 Ovidium
695 529 748 582 aut
769 521 865 601 ipsius
887 519 1043 600 Euripidis
1068 528 1122 581 aut
1141 520 1249 600 tragici
1269 519 1421 600 cujusdam

262 628 394 688 Romani
423 629 510 690 illum
542 629 632 690 anxie
660 630 805 692 vertentis
836 639 872 691 ut
902 628 1020 691 Ennius
1051 627 1125 689 fecit
1154 629 1310 709 tragoedia
1338 649 1422 690 usum

264 757 340 811 esse,
364 737 416 798 sed
440 738 495 811 ita,
519 738 606 798 utin
635 737 810 800 universum
835 737 957 817 quidem
979 757 1026 797 res
1051 757 1086 797 ao
1108 736 1191 798 facta
1214 737 1316 799 oedem
1338 737 1422 798 modo

243 853 354 926 -atque
376 845 479 907 oedem
500 846 604 906 ordine
624 855 773 920 narraret,
801 866 879 925 quae
909 853 1009 906 autem
1040 845 1079 905 ad
1105 865 1168 906 rem
1196 866 1256 906 non
1284 846 1422 919 facerent,

262 973 399 1034 quaeque
419 953 539 1032 ingenio
559 975 613 1014 suo
632 955 731 1015 minus
755 963 828 1034 apta
849 961 956 1027 essent,
980 961 1033 1013 aut
1042 953 1191 1015 omitteret
1214 964 1267 1016 aut
1288 964 1423 1046 mutaret,
1527 947 1530 1042 ζ

264 1059 413 1139 quaedam
435 1061 526 1122 etiam
549 1061 672 1122 aliunde
695 1061 829 1135 adderet,
860 1069 895 1122 ut
917 1061 998 1122 color
1020 1061 1153 1140 poeticus
1180 1081 1302 1141 prorsus
1330 1083 1438 1126 novus

264 1167 436 1248 Ovidioque
452 1169 592 1248 proprius
614 1169 756 1231 existeret
777 1189 874 1248 neque
894 1168 955 1230 nisi
974 1168 1080 1248 paucis
1101 1169 1133 1228 in
1153 1169 1340 1230 orationibus
1363 1179 1423 1232 sen'-

264 1277 376 1338 tentiae
400 1276 520 1355 aliquae
540 1297 578 1338 ex
599 1276 756 1356 tragoedia
777 1276 988 1356 reciperentur.
1033 1276 1093 1338 Sed
1123 1285 1225 1338 utrum
1247 1277 1313 1356 ipso
1338 1278 1424 1339 Euri·

261 1382 332 1462 pide
355 1404 392 1444 an
404 1383 506 1444 Ennio
527 1404 600 1444 usus
615 1384 654 1444 sit
674 1383 794 1445 decerni
810 1383 921 1463 nequit,
945 1405 1014 1445 oum
1027 1383 1117 1444 huius
1142 1394 1248 1464 poetae
1256 1384 1425 1469 fragmenta
1529 1387 1530 1426 ἶ

263 1491 398 1551 maxima
424 1511 462 1551 ex
495 1499 581 1571 parte
607 1487 762 1571 Euripidis
779 1491 925 1554 'versibus
954 1499 1093 1552 accurate
1122 1491 1336 1571 respondeant,
1367 1490 1424 1552 duo

262 1606 397 1672 tantum,
420 1598 452 1661 V
472 1607 502 1660 et
532 1598 616 1660 VIII
644 1598 801 1676 (Ribbeck,
829 1600 1010 1678 tragicorum
1038 1600 1244 1661 Romanorum
1273 1599 1424 1680 reliquiae,

262 1728 292 1788 p.
317 1701 392 1786 142)
414 1705 554 1779 doceant,
577 1707 728 1778 interdum
750 1728 819 1767 eum
843 1706 963 1785 longius
985 1708 1191 1788 exspatiatum
1217 1727 1289 1771 esse.
1333 1707 1425 1786 Frag-

261 1821 396 1874 mentum
418 1814 470 1874 ΙΙΙ
492 1835 511 1874 a
532 1814 634 1876 Nonio
656 1814 753 1876 tribus
773 1814 847 1876 locis
871 1813 1000 1874 allatum
1023 1815 1088 1876 sine
1110 1814 1202 1876 dubio
1234 1817 1276 1876 sic
1299 1816 1427 1878 scriben-

263 1921 344 1996 dum,
367 1931 402 1982 ut
410 1921 499 1982 tertio
522 1930 552 1983 et
570 1922 602 1982 in
625 1922 953 2002 oodioeBambcrgensi
976 1923 1047 1983 etim
1058 1924 1189 1984 secundo
1212 1923 1274 1985 lolo
1283 1925 1428 1986 traditum
1529 1965 1530 1968 η

262 2037 308 2090 est
316 2027 451 2105 (Vahlen
464 2029 626 2091 Ennianae
641 2031 739 2110 poesis
760 2030 914 2111 reliquiae,
938 2051 967 2110 p.
983 2027 1074 2112 117):
1097 2031 1191 2105 „Heu
1213 2053 1261 2093 me
1273 2031 1428 2094 miserum!
1529 2055 1530 2060 ¹

263 2136 374 2198 interii:
397 2147 526 2218 pergunt
545 2139 647 2201 lavere
675 2160 809 2219 sanguen
827 2138 1001 2217 sanguine,“
1024 2147 1054 2199 et
1073 2138 1112 2198 ad
1126 2138 1362 2218 Polymestorem
1384 2158 1428 2198 re·
1529 2129 1530 2136 ἵ

260 2245 419 2306 ferendum
444 2255 501 2320 est,
530 2267 599 2308 cum
627 2247 738 2327 optime
760 2247 792 2306 in
816 2246 906 2326 hujus
929 2245 1007 2324 regis
1042 2243 1220 2320 liberorum,
1247 2247 1370 2307 minime
1397 2246 1429 2305 in

206 2358 209 2364 “
263 2352 427 2414 Polixenae
449 2354 499 2416 vel
522 2354 666 2434 Polydori
687 2362 814 2416 mortem
832 2354 968 2434 quadret.

364 2461 524 2522 Praeterea
563 2461 692 2524 Ovidius
724 2461 758 2522 in
797 2461 1022 2523 narrationibus
1061 2462 1097 2524 de
1133 2461 1305 2544 Hippolyto
1343 2461 1429 2554 (XV,

265 2567 448 2646 tea-546)
470 2569 556 2630 etde
579 2569 708 2631 Bacchis
731 2570 801 2647 (III,
824 2569 1153 2649 511-733)eandem
1174 2572 1331 2632 materiam
1355 2579 1433 2632 trac·

263 2684 311 2736 tat
333 2683 424 2755 atquc
447 2675 602 2755 Euripidis
625 2678 797 2758 tragoediae
817 2688 963 2740 servatae.
992 2679 1143 2740 Posterior
1164 2679 1290 2741 fabulae
1311 2678 1432 2757 Hippo-

263 2782 319 2862 lyti
342 2803 412 2862 pars
442 2804 460 2844 a
487 2803 575 2846 versu
600 2783 661 2845 531
694 2786 771 2846 sicut
800 2787 982 2848 narrationis
1010 2787 1185 2860 Fastorum,
1214 2786 1267 2864 qui
1293 2783 1432 2848 versibus
1529 2809 1530 2816 ι

265 2888 435 2950 735-762
459 2890 529 2952 libri
550 2891 599 2953 VI
623 2891 660 2952 de
683 2893 787 2954 aedem
811 2913 843 2953 re
873 2902 980 2972 agunt,
1012 2912 1031 2952 a
1057 2912 1149 2955 versu
1174 2890 1235 2951 746
1258 2888 1432 2968 eVergilio

264 2993 356 3078 (Aen.
379 2997 454 3071 VII,
479 2996 539 3058 761
563 3019 607 3078 sq.
630 2998 685 3078 sq.)
714 2999 826 3062 hausta
854 3008 907 3074 est,
935 2999 1052 3078 reliqua
1081 3006 1182 3060 autem
1209 2996 1343 3058 narratio
1366 2995 1432 3056 bre-

262 3104 329 3166 vior
357 3113 403 3166 est
430 3125 521 3185 quam
546 3115 585 3168 ut
612 3127 650 3168 ex
675 3127 712 3168 ea
739 3108 805 3168 sola
832 3108 870 3169 de
897 3107 1032 3169 fontibus
1065 3108 1142 3187 quid
1173 3115 1304 3168 statuere
1330 3104 1433 3165 liceat.

265 3212 363 3292 Atqui
390 3222 500 3294 quarta
529 3213 633 3277 Ovidii
659 3216 801 3296 Epistola
838 3217 1002 3279 certissime
1029 3237 1067 3277 ex
1097 3214 1245 3276 ambobus
1274 3211 1433 3292 Euripidis

264 3319 446 3401 Hippolytis
469 3323 601 3384 conflata
622 3333 675 3386 est.
712 3325 813 3387 Mores
837 3325 1066 3406 quosPhaedra
1087 3324 1119 3384 in
1141 3323 1234 3403 priori
1257 3321 1434 3402 Hippolyto
1529 3341 1530 3350 ³

269 3437 387 3489 exercet
403 3429 498 3490 multo
520 3431 617 3510 magis
627 3431 739 3493 Ovidio
761 3433 944 3495 conveniunt
959 3452 1051 3512 quam
1074 3450 1148 3510 quos
1171 3431 1203 3489 in
1215 3429 1309 3490 altero
1330 3427 1435 3502 habet,
1529 3483 1530 3490 .

265 3557 333 3598 cum
355 3537 483 3598 feminas
504 3559 559 3617 pro
581 3539 701 3620 ingenio
720 3561 774 3601 suo
797 3549 852 3602 aut
874 3540 1059 3602 castissimas
1083 3547 1136 3600 aut
1167 3536 1435 3598 libidinosissimas

265 3644 376 3724 fingere
390 3645 487 3706 soleat
507 3666 604 3726 neque
625 3646 756 3708 medium
772 3648 917 3727 quiddam
931 3657 1031 3722 tenere
1053 3647 1157 3727 possit.
1189 3647 1298 3726 Itaque
1311 3643 1435 3704 eosdem
1529 3667 1530 3718 4

267 3753 362 3814 animi
387 3754 512 3814 affectus
534 3754 567 3814 in
589 3754 644 3816 illa
654 3755 795 3835 Epistola
817 3757 844 3818 ei
866 3756 973 3818 tribuit
988 3765 1079 3836 atque
1102 3753 1265 3834 Euripides
1283 3753 1316 3812 in
1338 3752 1436 3832 priori

269 3860 442 3941 Hippolyto
465 3869 518 3921 aut
541 3882 577 3922 ac
588 3861 752 3941 Sophocles
774 3864 805 3923 in
829 3863 976 3938 Phaedra,
1001 3863 1053 3924 sed
1075 3883 1157 3923 more
1182 3882 1236 3922 suo
1258 3861 1290 3920 in
1305 3859 1436 3920 nimium
1529 3883 1530 3910 ι

265 3976 436 4048 exaggerat.
481 3968 623 4030 Praetera
646 3991 713 4031 oum
736 3971 791 4032 illa
813 3972 969 4051 tragoedia
997 3971 1182 4034 conveniunt
1201 3968 1305 4032 Ovidii
1327 3988 1437 4031 versus
1529 3947 1530 4032 l

269 4074 329 4136 107
352 4084 381 4137 et
405 4073 475 4149 110,
498 4077 607 4156 quibus
630 4078 779 4140 Theseum
809 4101 848 4141 ex
870 4080 950 4141 Orco
976 4079 1115 4140 Athenas
1142 4097 1293 4140 reversum
1318 4084 1437 4150 narrat,

267 4182 429 4260 (Welcker,
452 4183 513 4245 Die
536 4185 720 4265 griechieohe
742 4188 891 4268 Tragbdie
907 4189 949 4262 II,
972 4209 1002 4268 p.
1026 4185 1088 4248 739
1109 4181 1168 4268 sq.)
1192 4185 1301 4247 deinde
1327 4205 1437 4247 versus

268 4289 329 4352 113
350 4311 394 4370 sq.
417 4311 474 4372 sq,
497 4292 616 4355 collatis
638 4295 738 4358 verbis
755 4295 914 4357 Plutarchi
938 4296 986 4376 (de
1012 4295 1080 4357 aud.
1104 4304 1181 4374 poet.
1204 4315 1234 4374 p.
1245 4293 1326 4367 asa
1349 4293 1437 4356 Wel·
1529 4299 1530 4374 l

266 4398 337 4461 cker
357 4419 386 4479 p.
411 4398 485 4474 738;
507 4401 627 4477 Nauck,
638 4403 794 4484 Euripidis
817 4404 1004 4485 perditarum
1021 4403 1243 4484 tragoediarum
1260 4402 1437 4482 fragmenta
