3106 4988
640 360 851 420 ..17-

269 529 375 592 Acidis
407 529 546 592 fabulam
572 529 695 592 aliunde
717 529 846 593 Ovidius
876 532 1013 611 sumpsit.
1057 531 1137 595 (lum
1164 539 1264 593 autem
1287 531 1324 592 de

164 635 298 699 Galatea
327 645 397 718 post
424 638 625 728 Philoxenum
653 635 807 718 (Bippart,
831 639 991 702 Philoxeni
1017 639 1167 702 Timothei
1195 639 1323 701 Telestis

164 745 318 825 reliquiae,
339 745 463 825 Lipsiae
482 745 574 820 1843,
597 767 625 826 p.
648 744 702 823 40)
723 747 861 808 carmina
884 748 1107 829 composuerint
1116 747 1323 810 Callimachus

165 852 340 930 (Schneider
348 852 556 916 Callimaehea
571 854 613 936 Π,
636 874 666 933 p.
678 852 752 928 164)
775 863 805 914 et
820 855 1046 918 Hermesianax
1059 855 1165 933 (Bach,
1187 855 1324 918 Philetae

168 961 428 1024 Hermesianactis
453 962 616 1024 Phanoclis
636 961 790 1041 reliquiae,
812 983 842 1042 p.
863 962 938 1041 111)
959 963 1137 1025 alterutrum
1156 964 1194 1025 de
1217 963 1324 1026 Acidis

167 1090 268 1132 amore
295 1072 390 1151 egisse
418 1071 483 1133 veri
510 1071 593 1132 haud
622 1070 769 1132 dissimile
795 1080 849 1133 est.
893 1071 1048 1134 Exstabat
1075 1071 1183 1134 fabula
1211 1073 1243 1132 in
1264 1091 1325 1152 qua

167 1177 301 1239 Galatea
328 1178 508 1260 Polyphemi
537 1178 677 1240 cantibus
705 1178 895 1252 merchatum
925 1179 995 1240 vide
1024 1180 1183 1241 Timaeum
1212 1181 1245 1240 in
1273 1179 1324 1241 Et.

165 1285 270 1365 Magn.
293 1307 323 1366 p.
338 1284 410 1361 220,
433 1287 471 1360 4;
495 1287 685 1367 Propertium
701 1287 759 1362 IV,
784 1287 811 1361 1,
831 1286 886 1361 45;
909 1287 1055 1348 Nonnum
1077 1289 1206 1369 saepius.
1237 1288 1325 1364 Quae

166 1391 291 1454 fabulae
311 1393 411 1454 forma
432 1415 501 1455 cum
523 1393 631 1461 illade
644 1393 742 1458 Acide
764 1395 926 1475 conjuncta
944 1415 1009 1456 esse
1030 1414 1091 1455 non
1110 1405 1218 1476 potest.
1247 1386 1324 1456 Cum

166 1509 267 1562 autem
276 1500 498 1563 Callimachum
520 1501 607 1562 illam
631 1511 766 1563 secutum
785 1523 849 1564 esse
869 1511 1016 1582 appareat
1037 1502 1324 1564 rectecumRohdio

166 1607 207 1688 (p.
238 1608 286 1681 77,
317 1607 370 1686 A.)
402 1609 671 1688 interpretantibus
704 1611 828 1671 unicum
861 1610 1065 1690 fragmentum
1099 1609 1137 1672 ab
1165 1609 1324 1672 Athenaeo

165 1714 208 1791 (V
209 1715 269 1790 111,
291 1737 321 1795 p.
345 1713 409 1776 284
431 1713 476 1792 Ο.)
498 1702 664 1779 servatum:

208 1812 265 1896 ,ΓΗ
282 1819 407 1902 μᾶλλον
429 1812 580 1902 χρύσειον
601 1817 651 1883 ἐπ’
671 1811 812 1903 ὀφρύσιν
834 1815 922 1904 ἱερὸν
946 1811 1054 1904 ἰχθύν,

208 1917 228 2008 ἢ
249 1926 372 2010 πέρκας
394 1917 456 1990 ὅσα
478 1934 506 1991 τ’
529 1921 612 1992 ἄλλα
635 1927 727 2010 φέρει
748 1921 853 2004 βυθὸς
874 1921 1014 2004 ἄσπετος
1036 1919 1171 2012 ἅλμης,“

167 2037 231 2100 veri
256 2037 339 2122 haud
366 2038 512 2100 dissimile
535 2038 655 2102 videtur
684 2037 829 2100 Ovidium
856 2038 888 2098 in
918 2038 976 2100 hac
1007 2060 1126 2121 quoque
1152 2038 1327 2101 narratione

167 2145 450 2208 Hermesianactem
482 2157 618 2209 secutum
648 2167 727 2222 esse,
761 2147 847 2228 cujus
875 2146 999 2207 unicum
1021 2147 1224 2228 fragmentum
1246 2146 1327 2227 quod

166 2262 267 2315 exstat
289 2255 370 2335 apud
383 2255 596 2317 Herodianum
617 2251 702 2335 (περὶ
718 2241 880 2335 μονήρους
899 2250 1018 2329 λέξεως
1039 2277 1069 2336 p.
1095 2253 1147 2337 16)
1169 2264 1248 2317 certe
1266 2275 1328 2318 non

166 2371 284 2442 pugnat
305 2383 373 2424 cum
396 2362 526 2427 Ovidio:

210 2460 435 2550 ,Λερκόμενος
456 2462 541 2550 πρὸς
562 2469 658 2550 κῦμα,
681 2460 765 2550 μόνη
788 2466 825 2530 ds'
843 2463 874 2530 οἱ
896 2463 1049 2550 ἐφλέγετο
1072 2460 1181 2552 χλήν.“

270 2578 320 2638 Ac
340 2598 378 2638 ne
395 2564 522 2639 Bionem
552 2577 688 2657 quidem,
718 2579 803 2658 cujus
826 2587 933 2658 poetae
950 2578 1082 2639 mollitia
1103 2579 1213 2646 mirum
1236 2599 1329 2659 quan·

168 2693 233 2744 tum
257 2685 399 2747 abhorret
428 2685 467 2746 ab
490 2685 594 2748 Ovidii
616 2684 745 2764 ingenio,
775 2685 813 2746 ab
836 2705 870 2746 eo
895 2694 1028 2766 spretum
1051 2705 1116 2748 esse
1138 2686 1211 2747 satis
1234 2686 1333 2747 elucet

168 2815 207 2855 ex
229 2815 347 2855 summa
378 2793 575 2856 similitudine
603 2793 706 2857 Ovidii
734 2811 875 2856 versuum
909 2792 1093 2856 185-189
1122 2795 1193 2856 libri
1222 2795 1330 2856 decimi

169 2923 237 2964 cum
261 2903 366 2964 Bionis
386 2903 555 2982 fragmento
577 2901 644 2964 XI:

213 3001 391 3090 ,,Ἀμφασιά
410 3000 438 3070 d
459 3001 521 3090 ἄρα
541 3007 665 3084 Φοῖβον
685 3001 756 3069 ἕλεν
778 2999 879 3069 τόσον
898 2998 996 3089 ἄλγος
1018 3000 1146 3088 ἔχοντα.

216 3117 327 3197 digero
346 3107 503 3197 φάρμακα
524 3108 644 3194 πάντα,
670 3107 778 3194 σοφὰν
800 3107 828 3176 δ’
848 3109 1016 3196 ἐπεμαίετο
1035 3112 1163 3196 τέχναν.

214 3224 315 3302 Χρῑεν
337 3215 365 3284 δ’
384 3213 546 3305 α’μβροσὶᾳ
565 3219 620 3282 καὶ
641 3219 785 3301 νέκταρι,
807 3229 895 3302 χρῖεν
916 3211 1047 3283 ἅπασαν

213 3320 364 3393 Ὠτειλάν·
381 3337 513 3412 μοιραῐα
534 3321 562 3390 d'
583 3319 732 3390 dvcids'a
753 3319 924 3410 τραύματα
940 3319 1082 3392 πάντα.“

275 3439 379 3520 Atque
405 3439 496 3500 etiam
526 3459 631 3502 versus
662 3447 817 3521 sequentes
842 3435 1025 3499 190-195
1049 3439 1176 3499 Bionem
1199 3436 1330 3516 sapiunt.

173 3547 219 3608 At
241 3547 374 3626 profecto
395 3568 493 3627 neque
511 3547 660 3630 integram
674 3547 812 3631 fabulam
832 3567 974 3609 narrasse
992 3566 1089 3626 neque
1106 3565 1177 3608 vero
1190 3544 1228 3605 de
1242 3545 1330 3625 Hya-

172 3655 294 3716 cinthiis
318 3655 413 3735 egisse
433 3656 514 3717 hunc
536 3665 657 3736 poetam
677 3656 842 3720 verisimile
864 3665 917 3718 est.
960 3657 1049 3717 Duas
1077 3654 1234 3714 minimum
1258 3652 1330 3715 Ovi·

171 3766 255 3826 dium
278 3765 315 3826 de
337 3764 514 3844 Hyacinthe
540 3744 714 3826 adhibuisse
741 3766 929 3827 narrationes
961 3763 1094 3845 poeticas
1116 3771 1271 3843 praeterea
1292 3781 1331 3821 ex

172 3873 342 3954 promiscuo
354 3872 536 3954 Amyclidae
550 3883 580 3935 et
596 3863 764 3935 Oebalidae
785 3874 942 3935 nominum
965 3893 1022 3933 usu
1045 3870 1150 3932 elucet.
1172 3869 1330 3931 Peculiare

173 3991 274 4043 autem
302 3981 339 4042 de
362 3981 541 4062 Hyacinthe
572 4003 693 4043 carmen
722 3990 954 4063 composuerunt
981 3979 1160 4059 Euphorion
1180 3976 1331 4056 (Meinelre

172 4111 201 4170 p.
225 4090 277 4169 69)
300 4100 329 4152 et
350 4091 511 4154 Nicander.
543 4093 634 4170 Quod
658 4101 692 4154 ut
713 4093 845 4174 probem,
869 4089 1090 4173 aliquantisper
1112 4088 1210 4169 egredi
1231 4089 1329 4149 liceat.

174 4197 388 4261 Volkmannus
402 4197 465 4281 (De
480 4200 629 4262 Nicandri
644 4200 824 4280 Colophonii
842 4199 907 4262 vita
924 4207 955 4261 ct
973 4198 1103 4278 scriptis,
1124 4195 1218 4258 Halis
1234 4193 1330 4272 1852)

173 4305 361 4369 Nicandrum
385 4308 518 4370 ordinem
546 4308 721 4370 fabularum
751 4308 795 4369 ita
823 4307 990 4368 instituisse
1016 4315 1119 4387 putat,
1146 4315 1181 4367 ut
1202 4303 1331 4385 singulis

172 4415 257 4476 libris
288 4416 422 4496 singulas
454 4417 588 4496 regiones
622 4423 815 4495 percurreret,
846 4410 1003 4476 occasione
1033 4425 1131 4476 autem
1156 4413 1260 4476 oblata
1281 4413 1331 4473 hic
