3106 4988
619 320 833 384 „31-

148 499 223 580 pina
240 497 413 559 narratione
431 494 575 557 Ovidium
598 481 738 555 accurate
752 493 940 556 Nicandrum
964 503 1098 556 secutum
1121 516 1193 568 esse,
1214 515 1305 575 quam

90 583 94 592 ⁵
149 607 187 668 de
215 615 302 687 parte
331 606 394 667 eius
425 624 517 684 supra
540 602 638 678 reieci,
668 602 760 664 etiam
782 603 820 664 de
848 611 911 664 'una
938 611 1017 664 certe
1041 623 1079 664 ex
1105 603 1306 665 mutationum

148 714 264 778 fabulis
286 713 418 774 refutata
439 719 492 773 est.
537 711 586 772 Ac
612 731 651 771 ne
678 711 715 771 de
741 712 846 772 ceteris
870 711 990 794 quidem
1013 711 1115 792 liquet,
1144 720 1246 772 utrum
1268 731 1306 772 ex

148 823 304 886 Nicandro
326 841 366 882 an
389 819 513 881 aliunde
526 818 678 883 fluxerint.
702 818 856 882 Fabulam
879 820 916 881 de
928 818 1039 902 Cyane,
1063 841 1117 900 per
1131 839 1220 899 quem
1241 819 1307 879 fon-

149 941 209 994 tem
230 929 394 994 Plutonem
420 929 453 988 in
481 927 593 990 Oreum
623 926 748 989 rediisse
772 928 865 989 etiam
886 927 1040 990 Diodorus
1065 925 1116 1006 (V,
1139 924 1171 1008 4)
1193 935 1307 1002 narrat,

148 1047 268 1101 mutata
285 1047 317 1100 et
339 1035 439 1100 Cereri
461 1043 582 1116 raptum
604 1035 758 1097 indicante
786 1035 915 1098 fortasse
936 1057 1004 1097 eum
1031 1036 1063 1095 in
1086 1034 1191 1097 Sicilia
1209 1055 1307 1096 mora-

149 1157 231 1211 retur
252 1145 377 1208 audivit.
407 1142 467 1205 Sed
489 1144 527 1204 de
546 1142 649 1204 eadem
668 1163 700 1203 re
721 1143 813 1204 etiam
836 1143 1022 1206 Arethusam
1043 1142 1184 1204 nuntium
1206 1142 1307 1204 Oereri

148 1256 254 1318 fecisse
282 1253 427 1317 Ovidium
453 1253 554 1332 ipsum
584 1251 707 1312 finxisse
734 1259 817 1331 puto,
850 1252 922 1331 quia
947 1251 1004 1312 iter
1033 1252 1095 1314 eius
1125 1271 1180 1332 per
1208 1259 1306 1313 terrae

149 1381 294 1424 cavernas
317 1360 463 1442 optimam
484 1358 595 1419 adhoc
617 1357 783 1438 praebebat
804 1359 1000 1420 occasionem.
1028 1358 1201 1420 Arethusae
1221 1378 1306 1438 nym-

147 1469 227 1550 phae
251 1468 282 1528 in
309 1465 425 1528 fontem
451 1465 579 1526 mutatio
606 1474 761 1546 praeterea
791 1475 934 1527 narratur
962 1487 982 1527 a
1007 1465 1112 1528 Servio
1141 1464 1192 1544 (ad
1219 1464 1307 1544 Virg.

149 1578 227 1640 Aen.
250 1575 310 1650 III,
334 1573 408 1652 694)
430 1582 461 1636 et
478 1574 635 1646 Pausania
655 1572 707 1652 (V,
732 1573 759 1648 7,
783 1573 822 1650 2).

251 1682 454 1742 Transeamus
475 1681 514 1742 ad
524 1680 628 1744 Ovidii
649 1680 761 1744 librum
784 1682 952 1761 septimum.
986 1681 1024 1742 In
1047 1702 1106 1762 quo
1128 1701 1197 1741 cum
1215 1679 1306 1742 versi·

149 1789 208 1850 bus
230 1785 399 1850 350-403
423 1789 550 1850 Medeae
577 1789 652 1868 fuga
678 1809 694 1850 e
715 1789 876 1851 Thessalia
902 1789 1080 1852 Corinthum
1103 1787 1307 1866 Corinthoque

151 1895 289 1958 Athenas
322 1895 520 1971 describatur,
556 1896 688 1977 plurima
717 1906 808 1977 atque
830 1897 917 1959 varia
949 1895 1097 1957 miracula
1130 1894 1307 1957 brevissime

150 2003 350 2084 attinguntur.
401 2005 452 2064 Ex
485 2005 594 2086 quibus
622 2026 690 2066 cum
717 2025 788 2086 pars
817 2005 906 2085 longe
931 2003 1067 2066 maxima
1098 2004 1220 2065 omnino
1244 2024 1306 2065 non

149 2097 223 2174 nota
245 2113 291 2186 sit,
315 2113 374 2174 tria
391 2112 429 2173 ab
451 2112 609 2174 Antonino
631 2134 668 2174 ex
682 2113 830 2174 Nicandri
849 2108 1122 2192 Ἑτεροιουμένοις
1137 2120 1311 2186 narrantur‚'

148 2228 178 2283 et
199 2220 324 2283 fabulae
346 2221 383 2283 de
405 2221 541 2302 Ctesylla
562 2231 592 2283 et
614 2221 651 2282 de
674 2221 777 2302 Cycno
799 2221 934 2301 quidem,
962 2241 1040 2301 quae
1062 2240 1127 2282 sese
1153 2219 1309 2300 excipiunt

147 2329 179 2389 in
189 2328 495 2410 Metamorphosibus,
511 2350 549 2390 ex
567 2329 654 2390 tertio
666 2328 816 2390 Nicandri
834 2328 921 2404 libro,
933 2328 1073 2390 Cerambi
1091 2329 1220 2389 mutatio
1230 2347 1308 2408 quae

148 2436 265 2496 abillis
288 2437 369 2516 apud
393 2435 537 2498 Ovidium
562 2436 768 2516 compluribus
798 2435 913 2497 fabulis
941 2435 1103 2516 interjectis
1133 2434 1242 2509 distat,
1270 2453 1308 2494 ex
1416 2439 1419 2468 ³

146 2543 255 2622 primo.
281 2543 349 2604 Iam
371 2541 396 2601 si
412 2541 631 2621 discrepantias
650 2543 882 2617 consideramus,
905 2542 936 2603 in
960 2541 1078 2603 duabus
1101 2539 1307 2602 eertefabulis

148 2671 210 2710 non
240 2656 344 2711 tantae
374 2656 459 2722 sunt,
487 2657 523 2709 ut
550 2668 612 2708 non
641 2669 679 2709 ex
706 2650 771 2730 ipso
801 2649 957 2730 Nicandro
979 2659 1009 2710 et
1028 2670 1062 2710 eo
1086 2649 1150 2710 solo
1169 2648 1307 2709 hausisse

150 2757 280 2821 Ovidius
302 2756 451 2821 videatur.
496 2756 678 2819 Alcidamae
700 2733 787 2836 (hur.
810 2754 841 2840 Ι)
863 2759 984 2839 quidem
1005 2759 1138 2839 patriam
1159 2757 1241 2838 apud
1253 2756 1307 2817 Ni·

148 2865 296 2929 candrum
319 2864 463 2939 Julidem,
487 2863 669 2926 Carthaeam
692 2866 774 2946 apud
791 2866 935 2928 Ovidium
956 2886 1101 2927 essenon
1121 2864 1225 2944 magni
1246 2885 1308 2926 mo·

146 2973 242 3036 menti
263 2980 317 3035 est.
361 2973 444 3032 Nam
467 2972 636 3036 Carthaeae
663 2973 746 3036 urbis
775 2975 868 3036 etiam
896 2997 916 3036 a
939 2975 1094 3036 Nicandro
1122 2972 1236 3034 mentio
1265 2972 1306 3045 fit,

147 3102 245 3162 neque
266 3081 376 3141 mirum
398 3089 444 3142 est
456 3081 601 3144 Ovidium
623 3102 684 3143 non
707 3084 797 3144 anxie
818 3082 933 3144 fontem
957 3101 1042 3142 suurn
1066 3079 1308 3141 inhacbrevius·

150 3186 221 3248 cula
242 3186 414 3248 narratione
435 3165 610 3268 inspeirisse.
655 3189 793 3252 Breviter
814 3198 934 3252 tantum
952 3189 1032 3251 hanc
1047 3188 1187 3250 fabulam
1200 3186 1307 3266 tangit,

150 3293 222 3374 quia
245 3293 352 3354 similis
373 3302 418 3355 est
437 3296 612 3358 notissimae
632 3296 679 3357 illi
702 3297 739 3358 de
761 3297 906 3378 Cydippe.

252 3401 397 3463 Narratio
420 3411 520 3465 autem
542 3403 580 3466 de
596 3403 699 3487 Cycno
722 3401 812 3484 (Ant.
834 3403 921 3482 ΧΗ),
945 3425 1014 3466 curn
1026 3404 1108 3484 apud
1117 3402 1306 3464 Nicandrum

149 3506 249 3569 multa
267 3510 369 3590 turpia
385 3520 533 3593 poetaque
555 3511 647 3592 plane
668 3513 795 3594 indigna
808 3513 930 3587 habeat
941 3513 1023 3593 apud
1040 3511 1184 3575 Ovidium
1203 3518 1233 3572 et
1242 3509 1307 3571 bre·

148 3617 275 3680 vissima
301 3627 331 3680 et
356 3619 572 3682 venustissima
599 3629 646 3682 est
671 3642 728 3684 nec
751 3631 852 3684 tamen
881 3622 919 3683 ab
944 3621 1018 3701 ipsis
1048 3620 1137 3682 rebus
1167 3617 1308 3680 abhorret

148 3725 208 3788 nisi
229 3726 261 3786 in
282 3725 404 3788 nomine
425 3735 456 3789 et
481 3728 564 3790 exitu
583 3729 697 3792 matris.
744 3730 839 3810 Cujus
867 3729 1061 3790 dissensionis
1088 3747 1198 3789 causae
1223 3726 1307 3788 haud

147 3819 254 3896 latent.
299 3833 427 3898 Ovidius
450 3844 486 3896 ut
506 3835 635 3897 feminas
657 3837 706 3899 vel
728 3837 880 3918 nymphas
904 3857 1038 3899 maerore
1058 3837 1090 3897 in
1107 3855 1202 3916 aquas
1227 3844 1307 3897 exte·

147 3951 258 4003 nuatas
280 3963 345 4004 esse
368 3963 457 4024 saepe
468 3953 580 4018 narrat,
603 3945 635 4006 id
653 3947 735 4026 quod
749 3968 787 4009 ex
795 3946 911 4007 fabulis
929 3947 967 4007 de
976 3946 1088 4026 Cyane,
1097 3945 1134 4006 de
1144 3944 1307 4018 Arethusa,

148 4049 335 4131 deByblide‚
357 4051 395 4112 de
407 4051 520 4131 Egeria
541 4030 647 4128 elucet,
671 4054 714 4116 sic
739 4054 831 4116 etiam
852 4053 903 4115 hic
923 4074 1035 4115 novum
1052 4052 1152 4114 lacum
1164 4052 1308 4114 orientem

147 4155 223 4221 facit
259 4179 298 4220 ex
331 4159 465 4223 lacrimis
497 4163 603 4225 matris
639 4165 763 4246 ejusque
789 4163 911 4226 nomine
940 4183 1005 4224 eam
1039 4161 1182 4243 appellat.
1230 4161 1308 4224 (bun

149 4274 249 4328 autem
269 4267 382 4349 Thyrie
400 4290 510 4332 nornen
525 4292 681 4351 nunquam
704 4273 736 4333 in
757 4271 943 4353 geographia
964 4279 1109 4346 occurrat,
1133 4270 1233 4351 Hyrie
1245 4291 1309 4332 sae-

131 4359 227 4456 pius,
249 4373 311 4438 levi
323 4397 392 4440 cum
407 4379 575 4444 mutatione
595 4387 631 4442 ut
652 4378 684 4440 in
705 4379 819 4444 talibus
841 4381 930 4446 rebus
953 4379 1077 4444 minutis
1098 4378 1221 4442 minime
1242 4378 1308 4442 reli·
