3106 4988
617 328 828 390 -11-

348 492 523 576 „Eurotas
544 495 603 580 μὲν
626 495 779 560 δεινοῖσιν
802 488 848 572 ὡς
866 496 954 577 φίλοι
978 496 1096 578 φίλων,

337 598 435 669 Ὅταν
455 603 490 668 δὲ
505 597 654 687 πράξουσ
675 593 721 686 εὖ,
736 605 942 669 διωθοῦνται
961 595 1069 688 χάριν,

346 706 450 777 Αὐτοὶ
472 713 504 775 δι
526 707 649 788 αὐτοὺς
670 707 817 796 εὐτυχεῖν
839 703 1020 796 ἡγούμενοι.

253 827 319 888 Iam
352 846 424 889 vero
446 825 550 887 Ovidii
581 824 717 888 versibus
750 824 864 887 307-
877 821 940 887 308
972 823 1152 904 respondere
1183 822 1302 886 videtur

142 937 345 1016 fragmentum
366 931 442 994 606:
1140 1007 1142 1012 Ι

296 1035 430 1116 ,,Αἰνοό·
453 1029 582 1114 διδάξαι
606 1035 644 1113 δ’,
670 1023 698 1098 ci
720 1035 849 1117 τέκνον,
874 1053 907 1100 σε
930 1027 1097 1120 βούλομαι,

290 1137 386 1208 Ὅταν
407 1143 466 1227 μὲν
486 1131 521 1226 ᾗς
542 1155 629 1222 παῖς,
648 1139 692 1229 μὴ
712 1142 814 1207 πλέον
835 1137 954 1220 παιδὸς
977 1154 1121 1228 ᾳρονεῐν,

294 1247 346 1325 Ἐν
367 1251 549 1334 παρθένοις
572 1250 608 1315 δὲ
628 1252 802 1336 παρθένου
822 1244 967 1337 τρόπους
986 1249 1078 1336 ἔχειν,

288 1351 385 1424 Ὅταν
409 1359 437 1422 δ’
459 1354 517 1422 ὑπ’
540 1351 664 1443 ἀνδρὸς
686 1363 822 1444 χλαῖναν
844 1353 996 1444 εὐγενοῦς
1017 1361 1120 1442 πέσῃς

301 1569 343 1637 Td
364 1573 392 1638 d'
414 1567 483 1637 ἄλλ’
506 1567 637 1654 ἀφεῖναι
658 1567 856 1659 μηχανήματ’
878 1567 1066 1657 δνδράσιν.“

142 1687 245 1749 Persei
266 1686 405 1747 fabulam
434 1687 479 1746 ita
500 1693 607 1747 narrat
632 1686 760 1749 Ovidius
782 1695 818 1749 ut
846 1696 993 1768 appareat
1014 1687 1203 1749 notissimam
1236 1705 1302 1746 eam

143 1803 208 1855 tum
227 1794 336 1866 fuisse;
363 1793 510 1874 imprimis
534 1795 661 1855 Danaes
684 1803 715 1856 et
736 1794 919 1875 Polydectae
940 1793 1063 1856 fabulas
1085 1793 1215 1857 breviter
1237 1803 1304 1854 tan·
1352 1801 1353 1804 ’

144 1911 209 1964 tum
231 1901 414 1981 perstringit,
438 1883 506 1962 cum
529 1923 583 1981 per
605 1902 776 1982 tragoedias
804 1903 868 1964 sine
891 1903 984 1964 dubio
1010 1901 1153 1982 vulgatae
1183 1900 1303 1962 fuerint.

106 2013 109 2020 '
145 2007 332 2071 Accuratius
357 2009 572 2071 Andromedae
594 2031 723 2090 poenam
756 2020 786 2072 et
812 2010 953 2084 salntem,
985 2032 1020 2073 ac
1047 2018 1199 2072 certamen
1228 2009 1307 2070 inter

145 2118 288 2180 Perseum
309 2126 340 2178 et
362 2118 512 2178 Phineum
542 2119 736 2179 commissum
759 2117 909 2193 describit,
932 2119 1042 2198 quibus
1071 2119 1102 2178 in
1124 2117 1214 2179 rebus
1237 2137 1306 2178 con·

146 2224 244 2305 spirat
260 2225 322 2286 fere
341 2244 409 2287 cum
421 2224 609 2305 Apollodoro
632 2222 688 2306 (H,
712 2226 742 2300 4,
768 2225 869 2303 1-3).
915 2225 1013 2286 Addit
1034 2233 1188 2306 praeterea
1209 2234 1306 2287 muta-

148 2334 244 2395 tiones
268 2333 406 2395 Atlantis
429 2333 460 2394 in
482 2342 630 2409 montem,
653 2335 809 2414 sanguinis
832 2334 980 2395 Medusae
1006 2335 1039 2394 in
1070 2354 1192 2414 angues,
1220 2333 1306 2413 plan·

145 2452 243 2506 tarum
268 2443 454 2502 marinarum
476 2443 509 2502 in
521 2443 645 2517 curalia,
667 2443 783 2505 formae
797 2443 944 2504 Medusae
958 2443 1103 2523 pulchrae
1122 2443 1154 2503 in
1174 2451 1302 2522 turpem.

147 2551 234 2610 Haec
258 2550 351 2628 igitur
372 2550 505 2610 narratio
525 2570 710 2630 quamquam
724 2551 755 2610 in
767 2551 932 2630 posteriore
944 2559 1030 2631 parte
1050 2549 1142 2630 plane
1165 2550 1305 2611 abhorret

146 2657 185 2718 ab
220 2677 256 2717 ea
284 2655 409 2717 fabulae
432 2657 543 2730 forma,
577 2677 649 2737 qum
679 2657 841 2737 Euripides
872 2679 1000 2738 eumque
1034 2666 1154 2718 secutus
1184 2657 1303 2718 Ennius

147 2765 269 2839 habent,
294 2772 395 2826 tamen
428 2765 459 2824 in
482 2766 581 2845 priore
605 2765 688 2827 haud
717 2787 831 2846 paucas
858 2765 1069 2828 similitudines
1092 2787 1159 2828 cum
1183 2765 1305 2827 illorum

147 2873 307 2955 tragoediis
339 2873 369 2946 iu
403 2873 530 2954 singulis
564 2874 697 2955 praebet.
742 2874 945 2940 Conferantur
975 2875 1079 2938 Ovidii
1110 2895 1214 2936 versus
1245 2874 1303 2949 IV,

146 2983 208 3045 675
232 3005 300 3046 cum
318 2981 474 3064 Euripidis
497 2981 666 3063 fragmento
695 2982 774 3044 124:

350 3080 439 3164 ,fna-
463 3086 523 3149 τίν’
544 3080 648 3169 δχθον
669 3080 759 3150 τόνδ’
783 3079 853 3171 δρῶ
874 3086 1073 3171 περίρρυτον

350 3188 460 3277 Ἁσρῷ
480 3187 655 3278 θαλάσσης,
678 3195 852 3276 παρθένου
874 3200 902 3258 τ’
925 3187 1004 3259 itaci
1025 3217 1100 3258 τινα

350 3294 402 3378 Ἐξ
434 3293 658 3384 αότομόρφων
690 3299 815 3366 λαΐνων
847 3293 1056 3385 τυκισμάτοιν

351 3411 466 3494 Enoria
484 3403 611 3492 ἄγαλμα
631 3402 739 3493 χειρός
747 3416 773 3487 ;“

150 3519 254 3582 Ovidii
275 3541 380 3582 versus
403 3520 462 3582 681
486 3531 516 3583 ct
538 3519 602 3582 685
626 3543 694 3584 cum
717 3521 873 3602 Euripidis
896 3522 1064 3602 fragmento
1088 3519 1165 3582 127:

351 3625 485 3706 ,,Σιχᾶς;
506 3620 612 3712 σιωπὴ
634 3625 663 3689 δ’
686 3619 812 3709 ἄπορος
833 3620 988 3710 ἑρμηνεὺς
1006 3617 1145 3709 λόχοον,“

146 3735 249 3799 Ovidii
273 3756 376 3798 versus
399 3733 462 3796 699
484 3756 552 3797 cum
573 3738 730 3820 Euripidis
758 3738 928 3818 fragmento
951 3736 1026 3799 125:
1103 3737 1106 3744 ’

351 3836 513 3923 ,,Περσεύς
532 3835 616 3923 πρὸς
629 3835 746 3927 ’Ἀρχος
762 3843 956 3906 ναυστολῶν
971 3837 1010 3905 τὸ
1034 3833 1202 3925 Γοργόνος

353 3939 446 4031 Κόρα
466 3947 639 4032 κομέζτυν,“

147 4059 249 4122 Ovidii
272 4081 376 4123 versus
401 4059 581 4121 722-725
605 4081 673 4122 oum
696 4055 988 4140 Ennii'fragmentis
1013 4057 1046 4122 6:

352 4169 490 4246 „Circum
515 4190 580 4231 sese
601 4179 692 4233 urvat
714 4169 753 4230 ad
774 4169 877 4249 pedes,
899 4176 980 4229 terra
1000 4167 1111 4230 occulit
1135 4165 1264 4246 Caput.“

147 4277 185 4340 5:
204 4278 338 4360 „Corpus
358 4279 581 4360 contemplatur
600 4279 681 4341 unde
703 4286 875 4360 corporaret
896 4277 1046 4351 volnere,“

149 4386 186 4450 4:
211 4435 228 4464 ,‚
250 4387 381 4471 Scrupeo
402 4389 546 4452 investita
570 4409 653 4466 saxo,
672 4397 762 4470 atque
785 4387 890 4450 ostreis
914 4404 1059 4470 squamae
1078 4383 1247 4458 scabrent.“
