3106 4988
719 325 932 386 ..18-

251 493 315 556 illic
346 495 424 557 alias
449 497 638 560 narrationes
666 499 788 561 brevius
811 499 936 561 afferret.
981 497 1097 559 Contra
1119 517 1187 558 eum
1208 496 1409 558 Schneiderus

251 603 398 684 disputat,
426 606 506 667 hano
533 607 713 668 sententiam
740 606 799 667 nisi
828 606 860 668 vi
881 603 1009 667 'tantum
1036 604 1175 666 adhibita
1200 625 1239 666 ex
1259 603 1409 666 Nicandri

250 711 386 792 reliquiis
405 713 556 776 enucleari
571 735 633 776 non
649 735 746 794 posse,
768 732 865 794 neque
881 713 945 774 ullo
958 713 1081 776 vinculo
1098 712 1274 793 conjunctas
1285 712 1408 774 fabulas

252 822 316 883 sine
336 822 429 884 dubio
447 844 515 885 eum
530 825 621 904 juxta
640 824 787 903 posuisse.
830 822 939 902 Neque
956 830 1057 883 tamen
1075 821 1179 901 negari
1190 829 1291 902 potest
1306 841 1407 882 omnes

250 930 373 992 fabulas
396 952 434 992 ex
456 931 553 1010 primo
581 931 659 992 libro
688 940 822 993 servatas
844 930 876 989 in
900 928 1060 990 Thessalia
1083 929 1209 1004 versari,
1241 951 1279 991 ex
1301 937 1407 1010 quarto

250 1037 328 1099 libro
356 1039 503 1118 plurimas
526 1040 558 1098 in
583 1040 717 1113 Boeotia,
750 1060 788 1100 ex
809 1038 899 1100 tertio
922 1037 998 1099 duas
1021 1037 1052 1097 in
1077 1037 1208 1112 Aetolia,
1239 1033 1287 1099 ex¹
1300 1048 1407 1120 quarto

250 1166 343 1206 unam
365 1141 512 1226 integram
535 1147 566 1206 in
590 1147 681 1209 Creta
701 1146 832 1228 positam
855 1165 931 1220 esse,
956 1145 1081 1206 alteram
1104 1155 1183 1207 certe
1203 1145 1247 1206 ibi
1268 1146 1406 1227 incipere.
1524 1191 1525 1217 μ

251 1253 310 1314 Sed
334 1253 425 1315 etiam
449 1253 533 1334 ipsae
554 1255 679 1315 fabulae
700 1254 733 1314 in
756 1253 882 1333 singulis
906 1253 992 1313 libris
1020 1245 1308 1333 ex'partequidem
1331 1254 1408 1316 inter

252 1380 284 1421 se
308 1360 419 1421 similes
443 1369 522 1423 sunt.
553 1362 591 1421 In
613 1361 735 1422 secundi
757 1361 828 1421 libri
850 1359 964 1420 fabulis
982 1359 1024 1421 de
1046 1359 1178 1441 Byblide
1199 1361 1287 1422 etde
1308 1360 1407 1442 Aspa-

248 1467 309 1529 lide
331 1469 433 1530 infans
457 1491 476 1530 a
498 1479 594 1531 matre
615 1471 770 1550 expositus
795 1490 814 1530 a
836 1468 934 1529 beluis
963 1467 1069 1529 alitur·
1109 1468 1147 1529 In
1174 1461 1262 1530 tertio
1281 1467 1358 1530 libro
1378 1478 1410 1530 et

249 1575 385 1656 Ctesylla
408 1584 437 1638 et
461 1577 613 1658 Meleager
639 1587 800 1658 parentum
830 1575 921 1656 culpa
945 1575 1119 1637 innocentes
1148 1575 1326 1637 moriuntur.
1369 1577 1407 1636 ln

249 1683 345 1746 tribus
378 1686 478 1764 quarti
512 1686 582 1746 libri
612 1685 726 1746 fabulis
756 1685 798 1762 (V
800 1684 860 1758 HI,
889 1681 999 1756 XXV,
1027 1681 1172 1759 XXVH)
1198 1684 1325 1763 juvenes
1355 1692 1408 1744 aut

248 1791 368 1870 puellae
395 1812 450 1871 pro
471 1792 596 1871 publica
623 1793 722 1853 salute
748 1800 873 1852 mortem
903 1790 1023 1851 obeunt.
1067 1790 1184 1852 Eodem
1205 1791 1298 1870 igitur
1319 1791 1407 1852 modo

249 1898 404 1959 Nicander
421 1907 512 1980 atque
525 1900 654 1962 Ovidius
671 1899 795 1961 fabulas
817 1899 897 1960 inter
920 1917 951 1958 se
963 1897 1104 1959 nexuisse
1114 1897 1240 1974 videtur,
1264 1907 1299 1958 ut
1318 1898 1406 1959 modo

249 2004 359 2085 quibus
393 2005 498 2066 eadem
531 2007 632 2086 patria
659 2017 751 2082 esset,
787 2006 876 2068 modo
909 2025 987 2085 quae
1017 2004 1128 2066 similes
1157 2025 1204 2066 res
1234 2014 1405 2080 tractarent,

248 2113 338 2174 modo
363 2133 441 2194 quae
472 2115 560 2176 aliter
588 2116 666 2177 inter
697 2136 728 2176 se
753 2122 900 2195 cognatae
934 2121 1042 2187 essent,
1075 2123 1273 2193 componeret,
1306 2113 1405 2174 minus

249 2229 351 2283 tamen
382 2221 541 2284 artificiose
571 2245 662 2303 quam
693 2223 832 2286 Ovidius.
877 2223 966 2298 Quae
994 2241 1061 2282 eum
1086 2221 1131 2282 ita
1160 2221 1229 2297 sint,
1259 2222 1296 2283 de
1320 2230 1406 2302 parte

249 2329 339 2390 huius
362 2329 503 2390 carminis
524 2330 583 2391 dici
604 2351 665 2391 non
678 2331 789 2411 potuit:
808 2323 862 2405 „iv
874 2328 922 2410 τῷ
945 2321 1199 2410 ἐπιγραφομένῳ
1209 2317 1405 2414 ‘feriaticis‘

249 2445 284 2498 ut
301 2437 417 2500 factum
440 2445 486 2498 est
507 2437 539 2497 in
549 2421 677 2499 Scholiis
691 2439 730 2498 ad
745 2437 893 2499 Theriaca
915 2433 991 2497 585:
1015 2424 1217 2517 ,propagator
1238 2423 1257 2496 ὁ
1277 2426 1406 2516 χλωρὸς
1453 2486 1455 2489 .

248 2536 307 2627 τὴν
321 2533 528 2624 βούαλεοοον
542 2541 682 2625 δένδρον
693 2536 774 2607 εἶναι’
788 2561 898 2624 φησιν,
921 2533 983 2604 ον’νι
1004 2538 1128 2622 ἔστιδὲ,
1151 2533 1235 2604 ἀλλὰ
1252 2533 1404 2624 λάχανον,

250 2637 291 2712 οὗ
312 2644 506 2733 μνημονεύει
527 2650 713 2733 Νίκανδρος
734 2649 769 2716 ἐν
791 2652 840 2735 τῷ
863 2647 1115 2735 ἐπιγραφομένῳ
1136 2645 1331 2734 ‘laetarer‘

352 2760 424 2820 Hoc
448 2769 548 2822 autem
566 2763 698 2822 carmine
708 2761 870 2836 Nicander,
894 2783 962 2822 oum
983 2761 1088 2822 eadem
1110 2783 1178 2822 eum
1195 2761 1317 2823 uberius
1337 2780 1404 2821 nar·

248 2887 332 2928 rasse
348 2868 412 2929 veri
434 2867 531 2929 simile
551 2869 591 2929 sit
613 2879 703 2950 atque
715 2869 929 2930 Theriacorum
948 2867 1085 2931 versibus
1106 2866 1275 2931 901-906
1298 2869 1405 2950 tetigit,

248 2997 284 3037 ea
306 2976 373 3056 ipsa
395 2977 532 3038 narravit
552 2977 782 3056 quanvidius;
804 2975 951 3057 imprimis
975 2984 1006 3037 et
1026 2975 1091 3058 ipse
1113 2997 1181 3037 cum
1198 2965 1404 3058 βούπλευμον

231 3071 435 3158 memoraret,
459 3085 496 3146 de
516 3085 616 3146 herbis
640 3086 749 3165 quibus
763 3084 877 3166 Apollo
900 3084 1018 3146 vulneri
1034 3083 1146 3146 mederi
1168 3094 1293 3148 conatus
1317 3093 1401 3159 esset,

246 3191 365 3254 videtur
387 3193 490 3272 egisse.

351 3301 411 3362 Sed
434 3301 524 3361 etiam
546 3301 723 3380 Euphorion
751 3301 831 3364 idem
854 3301 911 3362 hoc
940 3299 1079 3361 attulisse
1103 3299 1237 3376 videtur,
1264 3301 1289 3360 si
1313 3299 1402 3362 modo

249 3415 328 3468 recte
350 3408 475 3469 coniioio
497 3408 700 3488 fragmentum
724 3409 805 3488 apud
827 3406 1014 3468 Meinekium
1037 3405 1093 3466 37:

287 3503 466 3589 „Kcixctdg
487 3534 539 3575 τοι
554 3513 676 3595 μοῦνος
690 3506 738 3593 dm
762 3507 861 3576 ’ἕλκεα
884 3511 977 3592 νίψεν
991 3503 1156 3574 ''Ariciam“

244 3623 478 3704 discrepantiam
500 3622 655 3704 quandam
674 3622 809 3684 indicare
829 3622 908 3683 inter
920 3620 1070 3682 Adonidis
1093 3629 1123 3684 et
1142 3622 1315 3703 Hyacinthi
1335 3622 1402 3682 fata
1424 3622 1425 3626 ’

246 3751 394 3812 suprema.
436 3733 574 3794 Ceterum
597 3732 759 3810 fragmenti
779 3730 835 3792 36:

287 3828 656 3920 „lloppvpe'a‘l'dxwd-e,
680 3835 715 3900 σὲ
735 3833 794 3920 μὲν
813 3833 868 3919 μία
889 3835 987 3921 φῆμις
1009 3827 1134 3900 αόιὸοόν

280 3934 430 4025 Ῥοιτείῃς
451 3935 609 4028 α’μάθοιοι
631 3941 832 4019 δεδουπότος
853 3941 1012 4006 Αἰακίδαο
1062 3971 1064 3978 ,

284 4049 407 4136 Εἲαρος
427 4045 604 4134 α’ντὲλλειν,
626 4051 829 4136 γεγραμμένα
850 4032 1069 4116 κάνκύονοανκ

244 4163 367 4225 habitus
390 4163 460 4224 talis
483 4174 536 4239 est,
559 4173 594 4225 ut
614 4173 719 4244 pateat
737 4164 791 4226 hos
814 4184 918 4226 versus
941 4163 1082 4224 continuo
1106 4168 1245 4241 exceptos
1267 4159 1361 4223 fuisse
1379 4182 1398 4223 a

243 4272 415 4333 narratione
436 4272 561 4332 fabulae
583 4272 620 4333 de
643 4273 821 4352 Hyacinthe
844 4281 874 4334 et
897 4271 1052 4351 Apolline.
1097 4270 1205 4350 Itaque
1227 4269 1398 4350 fragmenta

243 4382 285 4441 38
307 4390 337 4442 et
356 4379 398 4441 90
420 4402 497 4460 quae
518 4381 555 4441 de
579 4381 675 4461 Ajaee
701 4391 795 4459 agunt
819 4402 879 4441 non
905 4388 939 4442 ut
963 4379 1132 4440 Meinekius
1156 4400 1193 4439 ex
1217 4379 1396 4460 Hyacintho
