3106 4988
628 343 829 410 ,-9-

154 536 183 594 p.
196 514 283 593 113):
305 504 757 594 ,(10οριπίδης)τὴνΦαλδραν
780 509 831 573 καὶ
854 509 1142 594 προσεγκαλοῦσαν
1160 511 1209 594 τεῇ
1222 513 1320 594 Θησεῖ

153 619 341 702 πεποίηκεν,
366 608 412 693 ὡς
435 599 489 682 διὰ
506 611 565 693 τὰς
577 615 916 701 ἐκείνουπαρανομλας
929 613 1123 699 ἐρασθεῖσαν
1136 618 1196 680 τοῦ
1207 613 1316 682 Ἱππο-

154 719 289 792 λύτοο.“
311 729 426 791 Tamen
449 729 539 791 etiam
561 728 690 792 alterum
710 730 917 812 Hippolytum
938 749 1007 790 eum
1030 728 1204 817 adhibuisse
1222 739 1315 810 patet.

153 840 236 902 Sane
256 859 359 902 versus
384 837 425 898 55
447 859 491 919 sq.
515 859 558 918 sq.
581 839 666 917 (Eur.
692 835 776 917 337),
801 835 843 898 67
867 859 910 917 sq.
934 857 977 917 sq.
1002 833 1088 917 (Eur.
1111 837 1153 898 24
1183 859 1225 919 sq.
1251 839 1314 920 sq),

155 947 197 1009 95
219 947 304 1025 (Eur.
316 942 401 1027 454),
422 945 483 1008 132
501 943 590 1028 (Eur.
601 945 680 1019 460)
700 947 791 1008 etiam
803 963 841 1008 ex
863 945 956 1026 priori
979 947 1091 1026 sumpti
1107 967 1170 1007 esse
1179 955 1314 1027 possunt,

154 1077 191 1117 ex
213 1075 272 1136 quo
292 1055 390 1115 multa
409 1055 440 1115 in
464 1055 591 1116 alterum
614 1055 770 1116 transiisse
787 1062 913 1134 apparet
932 1073 970 1114 ex
989 1054 1126 1116 versibus
1142 1055 1314 1117 447-450

155 1185 174 1224 a
195 1163 312 1224 nutrice
333 1162 429 1236 dietis,
453 1163 505 1242 qui
525 1161 683 1223 Phaedrae
705 1160 806 1223 verbis
826 1162 858 1221 in
877 1160 1048 1240 fragmento
1067 1163 1175 1243 prioris
1194 1184 1313 1244 respon·

154 1272 226 1333 dent
246 1267 348 1353 (irg'
340 1291 398 1332 mc.
423 1268 487 1332 890
501 1270 614 1332 Nauck
637 1290 656 1330 a
678 1269 812 1330 Matthia
834 1268 894 1329 hue
917 1267 1040 1346 relato):

306 1366 398 1459 ,Ἐρᾷ
418 1395 477 1457 μεν
500 1367 626 1499 ὄμβρου
647 1377 721 1457 γαῖ’,
744 1363 826 1436 ὅταν
849 1367 950 1500 ξηρὸρ
974 1365 1078 1436 πέδον

297 1475 466 1604 Ακαρτιορ
496 1475 611 1565 ου’χμῷ
633 1480 764 1556 νοτίδος
787 1475 943 1554 ἕνδεῶς’
928 1501 996 1564 exp·

304 1579 378 1676 Ἑρᾶ
400 1579 460 1651 (λ’ε
446 1609 465 1651 ο
488 1583 605 1670 σεμνὸς
627 1581 771 1669 οὐρανὸς
791 1579 1018 1670 πληρούμενος

296 1688 437 1778 ’Όμβρου
458 1706 568 1758 πεσεῖν
589 1693 633 1770 εἷς
654 1706 749 1779 γαῖαν
772 1684 1013 1778 Ἀφροδίτης“
991 1713 1081 1757 οπο·

296 1793 393 1865 Ὅταν
417 1801 452 1866 δὲ
475 1803 698 1886 συμμιχθῆτον
722 1801 767 1878 εἰς
788 1796 912 1866 ταύτὸν
935 1795 1003 1882 δύο,

307 1898 453 1973 Φύοοσιν
475 1901 550 1992 ἡμῖν
573 1901 683 1972 πάντα
705 1909 759 1972 καὶ
780 1909 934 1992 τρέφουσ
957 1899 1032 1992 ἅμα,

306 2017 354 2078 Δι’
372 2002 420 2078 οἷν
443 2008 593 2098 βρότειον
616 2017 652 2098 ζῇ
672 2037 707 2079 τε
729 2015 782 2079 καὶ
803 2009 920 2080 θάλλει
940 2015 1064 2099 γένος.“

253 2124 300 2186 At
322 2145 427 2188 versus
453 2123 625 2188 149-150
647 2126 712 2187 sine
734 2127 826 2188 dubio
850 2127 890 2188 ad
908 2125 1066 2187 Phaedrae
1086 2122 1210 2185 alterius
1226 2123 1312 2203 pudi-

149 2233 252 2294 citiam
275 2242 305 2295 et
317 2235 406 2314 quasi
419 2234 621 2296 rusticitatem
643 2243 789 2315 spectant,
811 2255 903 2314 quam
925 2254 997 2294 suae
1008 2231 1165 2293 Phaedrae
1174 2251 1235 2292 non
1248 2251 1313 2292 esse

149 2349 254 2422 aptam
278 2341 407 2404 Ovidius
430 2343 537 2404 dooere
559 2343 641 2416 vult;
663 2351 753 2422 atque
775 2343 867 2403 etiam
892 2340 1060 2402 151-152
1071 2340 1226 2420 Euripidis
1247 2361 1311 2403 ver·

149 2449 233 2510 sibus
252 2447 312 2510 391
330 2471 373 2530 sq.
385 2471 428 2530 sq.
439 2451 629 2530 respondent.
653 2451 722 2530 Age
744 2471 815 2512 vero
829 2451 1001 2530 tragoediae
1016 2470 1119 2512 versus
1130 2447 1310 2522 208-211,

151 2553 333 2628 ate-221,
356 2555 537 2631 228-131,
560 2557 613 2635 qui
637 2557 676 2618 ab
699 2557 810 2620 Ovidio
833 2555 962 2617 41-52
975 2556 1144 2629 venisent,
1162 2555 1310 2635 nisiquod

151 2660 194 2721 rei
216 2661 346 2740 augendi
369 2683 462 2723 causa
484 2663 668 2725 Bacchicum
691 2663 822 2724 furorem
846 2665 948 2744 inepte
970 2663 1124 2736 admiscet,
1148 2662 1223 2723 adeo
1241 2683 1309 2723 cum

148 2767 306 2829 Phaedrae
327 2769 435 2849 prioris
455 2770 589 2831 moribus
612 2780 760 2852 pugnant,
791 2780 827 2834 ut
851 2772 894 2833 ibi
917 2772 1067 2833 exstitisse
1095 2791 1157 2832 non
1184 2772 1309 2850 possint.

148 2876 261 2939 Ouidio
278 2885 384 2938 autem
408 2878 556 2958 aptissimi
579 2888 666 2940 erant
688 2879 727 2940 ad
747 2880 888 2942 affectum
912 2880 1043 2959 aliquem
1070 2878 1308 2954 describendum,

147 3005 246 3066 neque
268 2985 444 3066 scrupulum
466 2987 609 3050 movebat
630 2988 711 3068 quod
732 2988 790 3050 hoe
810 2989 900 3049 modo
913 2988 1070 3050 Phaedrae
1086 2988 1178 3049 animi
1187 2987 1310 3050 habitus

146 3092 239 3174 plane
260 3093 308 3154 sui
327 3093 483 3156 dissimilis
505 3095 596 3157 fieret.
632 3096 670 3158 Id
692 3105 784 3176 patet,
806 3106 925 3177 poetam
948 3097 1054 3158 ambas
1071 3095 1228 3176 Euripidis
1249 3104 1309 3158 tra·

147 3202 278 3282 goedias,
292 3222 354 3264 non
363 3211 482 3264 tantum
494 3204 641 3284 epitomas
652 3203 826 3266 adhibuisse
835 3205 866 3265 in
876 3205 934 3266 hac
944 3204 1072 3285 epistola
1083 3204 1308 3267 conscribenda.

250 3310 340 3386 Quae
369 3331 437 3372 cum
466 3311 510 3372 ita
537 3313 606 3386 sint,
637 3313 728 3374 ctiam
755 3313 936 3374 narrationis
965 3312 1249 3393 Metamorphoseon
1279 3321 1310 3375 et

147 3416 310 3478 Fastorum
333 3418 514 3500 Euripidem
534 3420 648 3482 fontem
670 3421 765 3482 fuisse
784 3421 848 3483 veri
877 3420 975 3482 simile
1001 3428 1055 3482 est.
1098 3419 1179 3484 Utra
1208 3430 1308 3483 autem

146 3525 214 3605 ejus
237 3527 394 3606 tragoedia
416 3528 459 3589 ibi
480 3528 619 3591 adhibita
641 3530 688 3604 sit,
715 3551 753 3590 ex
783 3529 868 3592 brevi
894 3529 1067 3590 narratione
1087 3549 1148 3590 non
1176 3528 1308 3591 dilucide

146 3641 284 3714 apparet.
329 3634 444 3697 Versus
467 3637 757 3717 Metamorphoseon'
775 3636 837 3700 501
858 3646 889 3699 et
910 3635 982 3712 506,
997 3637 1161 3698 Fastorum
1183 3635 1246 3698 739
1269 3638 1308 3698 ad
1353 3723 1355 3726 Ι

143 3741 273 3822 priorem
294 3741 509 3824 Hippolytum,
533 3737 817 3825 Metamorphoseon
841 3743 902 3806 503
927 3744 966 3805 ad
986 3753 1147 3824 utrumque
1159 3745 1306 3824 pertinere

142 3850 293 3914 videntur.
339 3849 416 3912 Cum
436 3851 596 3933 descriptio
618 3853 723 3914 mortis
746 3854 778 3913 in
800 3853 974 3915 universum
997 3853 1117 3934 quidem
1139 3852 1244 3913 eadem
1268 3854 1308 3914 sit

145 3967 235 4038 atque
257 3958 339 4038 apud
352 3957 539 4040 Euripidem,
561 3961 594 4021 in
617 3961 743 4042 singulis
767 3969 866 4023 autem
879 3982 941 4022 nou
956 3962 1085 4023 multum
1100 3961 1306 4024 similitudinis

144 4065 256 4128 habeat
276 4087 315 4128 ex
324 4069 470 4129 memoria
480 4077 601 4131 tantum
613 4069 660 4131 his
676 4069 750 4131 locis
761 4079 883 4151 poetam
893 4070 1031 4132 fabulam
1040 4071 1207 4133 reddidisse
1221 4079 1304 4152 puto.

245 4173 283 4234 In
303 4176 478 4238 narratione
491 4177 596 4240 Ovidii
618 4179 655 4240 de
675 4179 804 4240 Bacchis
826 4179 903 4240 nihil
924 4188 1042 4260 pugnat
1061 4201 1129 4241 cum
1148 4178 1305 4259 Euripidis

142 4281 309 4360 tragoedia,
333 4283 385 4346 red
408 4305 456 4346 res
479 4306 557 4366 quae
580 4286 741 4348 traduntur
763 4288 885 4349 eaedem
908 4297 986 4349 sunt.
1031 4287 1069 4348 In
1094 4287 1220 4368 singulis
1237 4308 1306 4349 con·

139 4401 254 4474 gruunt
276 4393 381 4456 Ovidii
403 4415 507 4458 versus
528 4396 607 4473 555,
633 4395 715 4473 563,
744 4395 807 4459 700
839 4418 906 4459 cum
937 4397 1092 4478 Euripidis
1122 4397 1199 4472 235,
1232 4397 1307 4473 355,
